2138 3470
197 311 223 350 4

190 630 222 666 2

175 2091 207 2138 3

185 2350 204 2376 2

769 158 1113 208 CORNELII
1150 160 1394 210 TACITI

247 295 341 344 bus
382 313 658 361 persequar,
703 307 893 348 servato
934 299 1107 350 ordine
1147 300 1506 365 disputationis
1579 320 1744 368 neque
1779 303 1912 355 enim

247 377 403 428 defuit
439 378 525 443 qui
559 379 802 430 diversam
838 398 1038 445 quoque
1072 391 1261 446 partem
1297 383 1666 448 susciperet‚,ac
1700 387 1913 435 multum

246 469 418 509 vexata
453 469 502 510 et
535 460 683 510 inrisa
706 470 947 511 vetustate
970 471 1249 512 nostrorum
1273 473 1554 530 temporum
1578 465 1912 531 eloquentiam

245 541 561 605 antiquorum
585 542 792 606 ingeniis
815 545 1087 593 anteferret.

314 624 446 671 Nam
500 633 698 687 postero
744 623 825 673 die
872 641 1020 688 quam
1068 625 1314 675 Curiatius
1363 629 1620 678 Maternus
1667 629 1912 680 Catonem
1935 648 1958 688 5

244 702 540 764 recitaverat,
592 721 707 753 cum
754 695 1045 755 offendisse*
1077 706 1355 770 potentium
1412 708 1606 758 animos
1653 709 1907 771 diceretur,

243 793 497 848 tamquam
538 784 589 834 in
628 802 689 835 eo
730 786 1010 850 tragoediae
1046 797 1338 851 argumento
1376 788 1452 838 sui
1493 789 1676 839 oblitus
1717 800 1910 841 tantum

242 866 487 915 Catonern
524 866 796 930 cogitasset,
825 884 982 931 eaque
1006 869 1070 917 de
1094 885 1145 918 re
1169 886 1256 933 per
1283 870 1458 920 urbem
1482 872 1713 935 frequens
1748 889 1910 922 sermo

240 947 513 1008 haberetur,
541 957 781 998 venerunt
811 950 877 998 ad
912 966 1027 998 eum
1065 951 1264 999 Marcus
1297 953 1433 1015 Aper
1465 960 1513 1001 et
1547 952 1704 1002 Iulius
1729 954 1910 1003 Secun-

238 1030 344 1098 dus,
373 1029 690 1080 celeberrima
718 1039 824 1079 turn
859 1030 1055 1094 ingenia
1079 1031 1169 1080 fori
1202 1032 1367 1094 nostri,
1397 1050 1523 1097 quos
1552 1050 1645 1097 ego
1673 1043 1909 1098 utrosque
1935 1058 1984 1087 10

237 1126 340 1158 non
372 1112 526 1160 modo
557 1110 608 1159 in
640 1110 834 1161 iudiciis
866 1111 1085 1162 studiose
1116 1112 1395 1175 audiebam,
1424 1115 1512 1163 sed
1545 1114 1682 1164 domi
1707 1132 1909 1179 quoque

237 1200 285 1240 et
321 1191 372 1240 in
408 1192 610 1256 publico
633 1194 923 1243 adsectabar
947 1193 1068 1243 mira
1092 1193 1367 1243 studiorum
1400 1194 1671 1259 cupiditate
1705 1205 1755 1245 et
1790 1213 1909 1260 quo-

236 1274 352 1322 dam
384 1275 559 1324 ardore
594 1273 807 1335 iuvenili,
847 1283 902 1324 ut
937 1275 1127 1324 fabulas
1164 1292 1366 1339 quoque
1401 1292 1573 1325 eorum
1609 1285 1658 1326 et
1693 1276 1908 1341 disputa-

235 1354 394 1404 tiones
414 1364 463 1405 et
477 1372 655 1405 arcana
673 1365 892 1406 semotae
908 1356 1138 1406 dictionis
1157 1357 1354 1421 penitus
1373 1357 1662 1422 exciperem,
1682 1358 1906 1422 quamvis

236 1437 448 1500 maligne
482 1437 703 1502 plerique
736 1438 1064 1503 opinarentur,
1093 1455 1186 1489 nec
1212 1440 1446 1489 Secundo
1477 1448 1764 1504 promptum
1799 1456 1907 1489 esse
1934 1452 1981 1494 15

234 1535 513 1568 sermonem
556 1528 604 1568 et
646 1522 837 1584 Aprum
885 1519 1085 1583 ingenio
1125 1520 1290 1584 potius
1331 1529 1381 1570 et
1421 1519 1469 1569 vi
1510 1529 1714 1571 naturae
1753 1536 1906 1585 quarn

233 1599 540 1650 institutione
565 1609 613 1650 et
637 1600 806 1650 litteris
831 1603 1013 1651 famam
1039 1601 1353 1666 eloquentiae
1377 1611 1715 1652 consecutum.
1788 1619 1905 1651 narn

233 1690 281 1731 et
306 1683 538 1731 Secundo
563 1698 713 1746 purus
746 1691 795 1732 et
827 1699 1021 1747 pressus
1058 1692 1118 1744 et,
1147 1682 1198 1732 in
1231 1692 1474 1747 quantum
1506 1683 1622 1733 satis
1655 1691 1770 1744 erat,
1797 1700 1906 1748 pro-

232 1764 389 1812 fluens
426 1779 587 1812 sermo
623 1780 725 1813 non
755 1763 922 1824 defuit,
952 1773 1001 1814 et
1030 1767 1165 1829 Aper
1199 1764 1337 1814 omni
1370 1764 1648 1816 eruditione
1682 1764 1904 1815 imbutus

231 1844 583 1894 contemnebat
615 1844 779 1908 potius
815 1844 1001 1894 litteras·
1035 1862 1184 1909 quam
1220 1845 1485 1907 nesciebat,
1514 1855 1768 1910 tamquam
1805 1863 1904 1896 ma-
1928 1863 1979 1891 20

230 1924 384 1973 iorem
417 1924 685 1975 industriae
723 1934 771 1975 et
806 1925 986 1975 laboris
1021 1926 1225 1990 gloriam
1264 1926 1532 1988 habiturus,
1572 1927 1613 1976 si
1647 1926 1902 1991 ingenium

230 2004 335 2055 eius
359 2005 505 2055 nullis
528 2005 798 2056 alienarum
822 2006 999 2056 artium
1024 2007 1336 2057 adminiculis
1362 2008 1504 2057 inniti
1528 2008 1786 2059 videretur.

299 2086 454 2150 Igitur
477 2096 531 2137 ut
555 2087 839 2138 intravimus
866 2088 1150 2138 cubiculum
1178 2089 1406 2151 Materni,
1434 2091 1691 2140 sedentem
1720 2089 1903 2155 ipsum-

228 2184 328 2230 que,
357 2184 506 2231 quem
539 2168 695 2233 pridie
728 2169 1011 2220 recitaverat
1044 2169 1236 2231 librum,
1265 2170 1391 2221 inter
1418 2188 1594 2221 manus
1630 2172 1900 2221 habentem

229 2249 661 2313 deprehendimus.
1924 2269 1973 2309 25

297 2331 429 2378 Turn
478 2331 735 2380 Secundus
788 2331 1006 2382 ‘nihilne
1047 2334 1125 2382 te'
1172 2332 1344 2397 inquit,
1394 2335 1662 2394 ‘Materne,
1701 2334 1899 2384 fabulae

231 2410 555 2473 malignorum
592 2421 784 2473 terrent,
814 2429 915 2477 quo
951 2413 1114 2463 minus
1139 2416 1350 2464 offensas
1380 2414 1584 2466 Catonis
1620 2413 1693 2464 tui
1727 2417 1900 2465 ames?

229 2507 293 2539 an
334 2490 449 2541 ideo
490 2491 669 2541 librum
708 2493 857 2543 istum
893 2494 1276 2558 adprehendisti,
1316 2504 1370 2544 ut
1410 2494 1692 2558 diligentius
1727 2505 1899 2544 retrac-

230 2580 368 2631 tares,
414 2581 462 2621 et
504 2574 706 2623 sublatis
756 2575 795 2623 si
844 2592 942 2639 qua
989 2592 1166 2639 pravae
1214 2575 1601 2640 interpretationi
1644 2575 1898 2625 materiam

229 2653 484 2712 dederunt,
531 2654 776 2704 emitteres
818 2657 1063 2707 Catonern
1105 2673 1207 2706 non
1249 2656 1453 2721 quidem
1500 2655 1767 2716 meliorem,
1808 2657 1898 2706 sed
1922 2675 1973 2714 30

229 2741 395 2782 tamen
432 2735 789 2785 securiorem?'

288 2876 305 2902 1
338 2876 570 2915 persequar
589 2865 653 2914 H,
671 2864 768 2906 Put.
790 2880 799 2905 ε
830 2878 1064 2917 prosequar
1082 2871 1162 2907 cett.
1359 2879 1409 2907 10
1438 2874 1642 2917 utrosque
1662 2879 1747 2906 non
1769 2867 1897 2907 modo

230 2918 270 2956 in
295 2919 461 2958 iudiciis
486 2919 589 2959 Gud.
609 2933 617 2958 z
648 2920 691 2958 in
714 2920 797 2960 iud.
817 2934 902 2959 non
925 2928 1004 2960 utr.
1023 2922 1146 2960 modo
1167 2921 1275 2962 codd.
1393 2934 1441 2972 19
1466 2922 1599 2973 omni]
1623 2934 1717 2960 cum
1738 2920 1893 2963 ABD:

230 2974 441 3012 communi
464 2972 595 3012 Rhen.
726 2987 780 3013 20
809 2976 1006 3013 maiorem
1028 2989 1154 3025 quam
1182 2976 1335 3015 Vahlen
1466 2989 1517 3025 24
1547 2988 1629 3026 que
1650 2974 1744 3016 add.
1768 2988 1891 3017 anon.

231 3026 418 3077 quidam,
515 3028 628 3066 inter
651 3027 863 3067 Cm'aes'us:
894 3029 1002 3068 intra
1023 3029 1133 3069 codd.
