2138 3470
761 189 1109 239 CORNELII
1144 188 1390 240 TACITI

255 337 382 390 tuae,
411 346 504 380 nec
536 345 627 394 pro
657 327 820 379 amico
835 336 837 338 ’
850 327 1032 393 aliquo,
1059 329 1161 389 sed,
1193 329 1330 393 quod
1362 327 1684 394 periculosius
1715 336 1802 389 est,
1829 343 1922 393 pro

256 411 450 461 Catone
474 410 698 460 offendis
771 428 866 460 nec
890 418 1149 460 excusatur
1172 410 1361 460 offensa
1383 408 1749 460 necessitudine
1772 406 1921 459 officii

254 500 340 540 aut
371 492 471 541 fide
505 490 846 541 advocationis
880 500 968 541 aut
1001 490 1230 541 fortuitae
1265 500 1315 541 et
1348 490 1541 541 subitae
1571 489 1804 542 dictionis
1834 489 1922 538 im-

254 580 403 637 petu:
441 571 707 621 meditatus
742 571 921 622 videris
961 569 1080 640 [aut]
1112 571 1316 636 elegisse
1351 588 1614 636 personam
1649 569 1920 621 notabilem

209 667 229 711 7
255 661 437 702 etcum
461 653 752 703 auctoritate
771 653 1027 703 dicturam.
1100 652 1260 703 sentio
1278 651 1400 716 quid
1424 651 1711 717 responderi
1733 651 1919 717 possit:
1943 663 1967 704 5

254 732 370 783 hinc
395 732 606 798 ingentis
632 731 708 801 [ex
730 734 824 803 his]
846 736 1101 795 adsensuS,
1129 735 1253 784 haec
1281 733 1333 783 in
1362 733 1480 798 ipsis
1509 732 1764 785 auditoriis
1787 749 1922 798 prae-

253 813 399 878 cipue
423 814 612 865 laudari
636 824 686 865 et
710 832 827 865 mox
853 815 1079 866 omniurn
1115 814 1426 866 sermonibus
1450 814 1575 865 ferri.
1635 815 1754 865 tolle
1777 813 1923 879 igitur

253 894 432 959 quietis
468 905 518 946 et
552 897 826 948 securitatis
860 897 1242 958 excusationem,
1278 914 1393 948 cum
1429 896 1520 947 tibi
1554 912 1720 946 sumas
1754 896 1923 946 adver-

205 988 229 1026 8
253 975 435 1026 sarium
459 977 773 1043 superiorem.
846 978 992 1035 nobis
1016 978 1133 1028 satis
1158 978 1220 1028 sit
1251 978 1463 1043 privatas
1487 987 1537 1028 et
1559 976 1715 1028 nostri
1737 975 1922 1028 saeculi

252 1058 608 1109 controversias
641 1059 779 1121 tueri,
806 1059 859 1110 in
890 1059 1072 1125 quibus
1105 1057 1377 1127 [expressis]
1409 1058 1451 1109 si
1482 1060 1687 1124 quando
1718 1075 1922 1109 necesse
1950 1069 1997 1099 10

253 1138 315 1189 sit
350 1158 440 1206 pro
475 1140 781 1206 periclitante
820 1141 984 1192 amico
1021 1141 1355 1207 potentiorum
1391 1157 1535 1191 aures
1570 1141 1836 1200 offendere,
1871 1147 1922 1189 et

253 1222 462 1286 probata
485 1221 547 1271 sit
570 1224 695 1273 fides
719 1232 770 1272 et
791 1222 990 1273 libertas
1015 1225 1275 1273 excusata!

186 1322 231 1357 11
322 1304 467 1365 Quae
490 1321 606 1354 cum
630 1303 832 1354 dixisset
854 1307 990 1369 Aper
1011 1304 1183 1365 acriuS‚
1211 1313 1266 1354 ut
1298 1305 1502 1365 solebat,
1529 1313 1580 1354 et
1602 1303 1796 1353 intento
1817 1319 1916 1363 ore,

251 1382 483 1434 remissus
508 1394 558 1435 et
581 1384 841 1435 subridens
868 1387 1125 1435 Maternus
1154 1389 1435 1450 ‘parantem
1451 1387 1463 1409 ²
1486 1383 1649 1449 inquit
1676 1388 1784 1434 ‘me
1814 1400 1918 1434 non

251 1464 414 1515 minus
455 1466 542 1516 diu
581 1483 814 1517 accusare
850 1476 1067 1517 oratores
1107 1483 1259 1531 quam
1297 1469 1432 1531 Aper
1471 1466 1756 1516 laudaverat
1793 1464 1918 1530 (fore
1945 1474 1991 1516 15

249 1545 383 1596 enim
407 1546 677 1597 arbitrabar
699 1557 755 1598 ut
776 1565 808 1598 a
829 1547 1116 1598 laudatione
1147 1564 1319 1598 eorum
1348 1546 1594 1612 digressus
1625 1548 1919 1598 detrectaret

249 1638 420 1693 poetas
452 1638 603 1694 atque
631 1629 906 1680 carminum
937 1629 1157 1680 studium
1190 1629 1540 1694 prosterneret)
1564 1637 1668 1679 arte
1698 1627 1917 1692 quadam

249 1710 500 1776 mitigavit,
528 1713 856 1762 concedendo
884 1711 955 1773 iis,
984 1711 1070 1776 qui
1105 1728 1278 1761 causas
1309 1727 1453 1776 agere
1484 1727 1587 1760 non
1619 1718 1834 1774 possent,
1862 1717 1917 1758 ut

205 1811 223 1838 2
248 1808 415 1842 versus
440 1794 669 1843 facerent.
742 1810 835 1858 ego
858 1802 1026 1843 autem
1059 1792 1186 1842 sicut
1214 1792 1265 1841 in
1297 1791 1457 1841 causis
1488 1789 1693 1856 agendis
1725 1791 1917 1840 efficere

247 1873 436 1938 aliquid
461 1883 510 1924 et
534 1874 653 1924 eniti
677 1876 882 1924 fortasse
907 1890 1124 1939 possum,
1152 1873 1221 1923 ita
1243 1872 1530 1923 recitatione
1554 1871 1914 1937 tragoediarum
1940 1884 1994 1913 20

248 1964 297 2005 et
326 1954 516 2019 ingredi
543 1957 725 2005 famam
762 1955 1044 2020 auspicatus
1077 1971 1200 2015 sum,
1228 1971 1344 2004 cum
1373 1953 1577 2018 quidem
1607 1952 1690 2006 †in
1715 1955 1917 2004 Nerone

248 2035 509 2101 inprobam
545 2045 596 2087 et
630 2036 907 2087 studiorum
943 2053 1146 2101 quoque
1181 2053 1318 2086 sacra
1353 2037 1696 2101 profanantem
1728 2034 1916 2085 Vatinii

248 2116 520 2181 potentiam
545 2116 676 2182 fregi,
698 2123 746 2166 et
765 2117 916 2168 hodie
940 2117 981 2166 si
1005 2116 1126 2182 quid
1151 2116 1202 2167 in
1226 2116 1371 2167 nobis
1395 2115 1599 2167 notitiae
1615 2133 1676 2167 ac
1698 2115 1915 2166 nominis

248 2207 334 2259 est,
363 2198 516 2263 magis
534 2198 741 2249 arbitror
759 2198 1032 2248 carminum
1052 2215 1203 2263 quam
1228 2197 1506 2248 orationum
1524 2197 1677 2263 gloria
1700 2206 1908 2263 parturn.

201 2293 224 2334 3
246 2296 305 2328 ac
329 2278 425 2328 iam
452 2296 531 2330 me
550 2279 817 2345 deiungere
830 2296 860 2329 a
880 2279 1060 2330 forensi
1084 2280 1253 2331 labore
1270 2278 1516 2340 constitui,
1535 2296 1628 2330 nec
1646 2279 1910 2330 comitatus
1934 2292 1983 2333 25

247 2359 365 2409 istos
404 2369 453 2410 et
491 2377 712 2425 egressus
750 2370 836 2410 aut
872 2360 1199 2426 frequentiam
1234 2360 1551 2411 salutantium
1592 2361 1907 2426 concupiSCO,

247 2457 348 2490 non
379 2441 532 2505 magis
564 2459 714 2506 quam
750 2458 863 2492 aera
896 2451 945 2493 et
981 2442 1231 2507 imagines,
1259 2459 1388 2507 quae
1417 2441 1565 2492 etiam
1598 2459 1678 2492 me
1710 2444 1912 2492 nolente

197 2537 222 2575 4
246 2520 296 2570 in
344 2523 551 2572 domum
599 2540 761 2574 meam
811 2523 1111 2589 inruperunt.
1186 2541 1302 2574 nam
1348 2533 1530 2574 statum
1575 2522 1816 2587 cuiusque
1851 2539 1912 2573 ac

301 2666 325 2702 4
355 2660 428 2693 aut
458 2653 533 2693 del.
566 2653 664 2694 Put.
832 2656 860 2694 6
888 2656 984 2695 hinc
1017 2654 1126 2695 B²H
1138 2670 1147 2695 x
1187 2656 1254 2695 hic
1281 2660 1360 2695 cett.
1473 2668 1527 2695 ex
1549 2655 1614 2695 his
1638 2653 1712 2694 del.
1735 2652 1911 2694 Gesner:

246 2707 434 2748 existere
468 2708 653 2747 Muretus
836 2723 864 2760 9
902 2711 1088 2761 privatas
1122 2723 1271 2751 causas
1300 2710 1416 2750 editio
1445 2708 1670 2761 szontina
1859 2719 1912 2748 ιο

246 2763 462 2811 expressis
482 2775 567 2802 om.
587 2763 653 2803 E:
690 2764 903 2815 expressit
925 2764 961 2804 C
1126 2777 1174 2814 14
1205 2770 1423 2815 parantem
1449 2763 1585 2813 inquit
1611 2776 1677 2802 me
1703 2760 1910 2802 Walther:

246 2823 398 2866 parant
427 2817 527 2867 quid
554 2818 667 2857 enim
692 2818 821 2910 §nim
851 2818 951 2868 quid
984 2818 1118 2869 CEV)
1149 2832 1217 2858 me
1246 2818 1381 2859 codd.:
1430 2822 1649 2869 parantem
1679 2830 1747 2856 me
1774 2816 1911 2867 inquit

247 2870 401 2909 Bekker
563 2885 610 2911 21
636 2871 678 2911 in
745 2884 918 2911 eronem
939 2872 1039 2924 ΑΒ,
1067 2872 1198 2915 Gud.:
1231 2874 1467 2923 imperante
1490 2870 1662 2912 Nerone
1683 2870 1732 2911 L.
1755 2868 1915 2910 Maller

246 2936 298 2963 22
327 2924 485 2964 Vatinii
514 2926 562 2975 J.
589 2926 639 2965 F.
674 2926 928 2966 Gronovius:
983 2927 1168 2967 uaticinii
1207 2926 1315 2966 codd.
1498 2938 1551 2975 23
1583 2932 1626 2966 et
1663 2922 1760 2965 add.
1793 2923 1909 2977 Lips.

247 2979 431 3018 nominis
452 2979 586 3019 13²H:
618 2980 801 3020 numinis
822 2985 904 3022 cett.
1051 2994 1103 3032 25
1134 2981 1354 3031 diiungere
1382 2978 1560 3031 Wolfflin
1714 2981 1769 3019 26
1795 2978 1908 3020 salu·

247 3034 422 3073 tantium
446 3033 606 3073 Schele:
647 3034 946 3075 salutationum
966 3034 1076 3075 codd.
1219 3036 1272 3075 28
1291 3049 1340 3075 ac
1361 3034 1561 3075 Pie-hena:
1593 3035 1644 3074 ad
1659 3033 1767 3075 codd.
