2138 3470
624 758 1095 828 CORNELII
1172 755 1492 822 TACITI

661 931 754 977 DE
790 929 962 975 VITA
999 929 1089 974 ET
1127 926 1449 976 MORIBUS

506 1074 629 1148 IU
654 1074 818 1146 LII
902 1026 1611 1148 AGRICOLAE

948 1256 1164 1303 LIBER

297 1453 601 1503 CLARORUM
630 1450 843 1501 virorum
875 1452 1005 1499 facta
1027 1466 1287 1514 moresque
1310 1448 1516 1514 posteris
1540 1450 1743 1509 tradere,
1769 1447 1889 1497 anti-
1911 1463 1933 1498 1

231 1531 396 1596 quitus
426 1531 673 1591 usitatum,
701 1548 765 1580 ne
798 1530 976 1580 nostris
1012 1530 1214 1594 quidem
1251 1529 1554 1593 temporibus
1587 1545 1888 1593 quamquam

211 1613 478 1674 *incuriosa
517 1629 718 1662 suorum
758 1621 893 1661 aetas
930 1611 1109 1671 omisit,
1153 1610 1382 1674 quotiens
1424 1627 1601 1674 magna
1635 1609 1799 1673 aliqua
1833 1625 1892 1657 ac

233 1693 412 1744 nobilis
453 1693 602 1742 virtus
639 1692 755 1742 vicit
792 1710 851 1742 ac
892 1709 1202 1756 supergressa
1243 1700 1316 1740 est
1353 1690 1525 1740 vitium
1563 1690 1723 1754 parvis
1764 1705 1893 1753 mag-

186 1788 209 1830 5
234 1774 409 1839 nisque
437 1773 714 1823 civitatibus
743 1789 1023 1833 commune,
1050 1771 1375 1836 ignorantiam
1407 1770 1524 1820 recti
1558 1780 1606 1820 et
1642 1770 1888 1819 invidiam.

235 1857 324 1906 sed
340 1856 475 1920 apud
493 1854 677 1918 priores
695 1863 751 1904 ut
767 1871 909 1918 agere
933 1853 1083 1917 digna
1107 1861 1380 1902 memoratu
1405 1869 1616 1916 pronum
1642 1850 1894 1915 magisque
1919 1870 1937 1897 2

235 1937 286 1986 in
310 1945 480 2000 aperto
504 1944 620 1996 erat,
645 1935 714 1985 ita
740 1934 1085 1985 celeberrimus
1121 1934 1330 1998 quisque
1362 1933 1560 1998 ingenio
1591 1934 1656 1983 ad
1688 1933 1895 1996 proden-

236 2019 352 2068 dam
393 2015 581 2066 virtutis
627 2015 916 2065 memoriam
958 2015 1064 2065 sine
1103 2015 1255 2080 gratia
1295 2024 1380 2064 aut
1420 2013 1692 2064 ambitione
1732 2014 1896 2062 bonae

236 2107 429 2147 tantum
453 2096 785 2146 conscientiae
807 2095 966 2159 pretio
989 2097 1273 2146 ducebatur.
1329 2113 1388 2145 ac
1406 2095 1626 2159 plerique
1645 2111 1785 2144 suam
1804 2093 1897 2158 ipsi
1921 2111 1945 2150 3

166 2200 216 2228 10
236 2178 387 2228 vitam
428 2194 621 2227 narrare
661 2176 896 2226 fiduciam
936 2177 1100 2240 potius
1141 2194 1336 2226 morum
1373 2194 1523 2240 quam
1559 2175 1896 2240 adrogantiam

237 2258 454 2308 arbitrati
501 2267 629 2318 sunt,
673 2274 766 2307 nec
812 2257 864 2306 id
907 2257 1095 2306 Rutilio
1142 2266 1190 2306 et
1231 2259 1414 2306 Scauro
1456 2257 1576 2306 citra
1622 2257 1773 2306 fidem
1813 2264 1898 2304 aut

240 2338 584 2389 obtrectationi
618 2337 742 2387 fuit:
781 2339 911 2387 adeo
942 2337 1143 2387 virtutes
1177 2337 1336 2388 isdem
1372 2337 1676 2402 temporibus
1712 2336 1898 2400 optime

240 2420 570 2479 aestimantur,
599 2418 779 2482 quibus
803 2418 1033 2467 facillime
1055 2418 1330 2482 gignuntur.
1403 2427 1453 2467 at
1482 2435 1615 2467 nunc
1648 2426 1899 2466 narraturo
1923 2434 1948 2474 4

242 2500 362 2550 mihi
380 2500 530 2550 vitam
549 2498 769 2549 defuncti
792 2498 1007 2548 hominis
1030 2498 1174 2548 venia
1197 2516 1322 2562 opus
1346 2498 1448 2559 fuit,
1469 2515 1618 2562 quam
1636 2514 1738 2548 non
1757 2497 1900 2562 petis-

171 2602 219 2643 15
244 2599 348 2632 sem
371 2580 692 2630 incusaturus.
765 2587 866 2628 tam
890 2595 1035 2628 saeva
1059 2588 1107 2628 et
1131 2578 1306 2628 infesta
1330 2579 1587 2629 virtutibus
1612 2588 1845 2642 tempora.

311 2661 555 2726 Legimus,
584 2677 698 2724 cum
723 2661 942 2709 Aruleno
963 2659 1170 2708 Rustico
1190 2662 1368 2709 Paetus
1386 2662 1617 2720 Thrasea,
1642 2657 1898 2709 Herennio
1922 2673 1953 2708 2

245 2740 506 2793 Senecioni
542 2740 734 2791 Priscus
767 2739 1030 2790 Helvidius
1065 2739 1250 2789 laudati
1285 2749 1460 2801 essent,
1493 2740 1701 2804 capitale
1735 2739 1895 2799 fuisse,

770 2871 980 2911 Taunus.
1038 2870 1113 2910 Cai
1134 2871 1320 2911 Cornelii
1342 2877 1378 2911 Δ

308 2985 355 3011 12
385 2970 542 3021 optime
562 2969 659 3009 Put.
678 2984 686 3008 :
719 2969 901 3020 optimae
922 2968 1032 3008 codd.
1171 2981 1219 3019 15
1250 2969 1291 3008 ni
1312 2975 1553 3009 cursaturus
1578 2969 1897 3021 (incursaturus‚

251 3023 536 3074 incusatur-us)
560 3025 658 3063 Put.
681 3028 717 3062 et
735 3022 822 3063 edd.
840 3028 1003 3062 veteres:
1034 3023 1302 3062 incusaturus
1323 3030 1407 3063 tam
1426 3036 1460 3063 s.
1480 3037 1516 3063 e.
1534 3024 1561 3062 i.
1576 3036 1614 3063 v.
1630 3029 1818 3073 tempora
1833 3022 1907 3061 alii
