2138 3470
734 151 1080 202 CORNELII
1118 151 1364 202 TACITI

223 292 386 343 donec
430 292 570 355 quod
612 290 845 340 omnibus
892 290 943 338 in
990 298 1223 354 promptu
1272 299 1373 340 erat
1420 290 1590 355 paucis
1638 293 1887 342 lucrosum

224 373 374 423 fieret.

129 465 198 502 20
293 455 438 503 Haec
469 452 630 518 primo
659 451 823 503 statim
852 461 986 502 ann'o
1015 451 1392 516 comprimendo
1427 452 1671 530 egregiam
1706 455 1889 505 famam

223 534 335 600 paci
366 533 706 594 circumdedit,
734 549 863 597 quae
894 535 972 582 vel
1003 532 1191 582 incuria
1222 534 1300 582 vel
1329 532 1641 583 intolerantia
1671 534 1889 600 priorum

175 640 194 667 2
223 617 358 666 haud
397 615 560 664 minus
598 631 749 678 quam
789 614 978 663 bellum
1015 613 1292 663 timebatur.
1366 615 1455 664 sed
1490 614 1578 664 ubi
1610 624 1770 665 aestas
1806 617 1891 666 ad·
1913 635 1936 675 5

221 696 367 756 venit,
396 703 651 745 contracto
683 694 897 744 exercitu
930 696 1114 744 multus
1143 693 1195 743 in
1226 694 1436 758 agmine,
1464 696 1666 745 laudare
1697 697 1890 746 modes-

222 776 354 837 tiam,
381 776 615 826 disiectos
647 779 874 825 coercere
889 793 905 837 3
944 778 1055 825 loca
1085 775 1256 825 castris
1291 775 1398 839 ipse
1429 793 1618 841 capere,
1649 778 1890 828 aestuaria

219 874 279 907 ac
316 857 461 906 silvas
497 857 605 921 ipse
641 865 1031 925 praetemptare;
1076 865 1127 906 et
1163 856 1287 905 nihil
1327 856 1524 906 interim
1560 859 1697 922 apud
1715 858 1889 930 mostis

221 938 445 1003 quietum
485 938 599 1003 pati,
640 955 742 1002 quo
783 937 946 987 minus
987 937 1164 986 subitis
1210 937 1497 987 excursibus
1543 941 1860 1002 popularetur
1874 957 1890 1001 3

219 1028 369 1083 atque
392 1019 480 1069 ubi
503 1019 620 1069 satis
645 1027 891 1079 terruerat,
918 1019 1172 1082 parcendo
1199 1035 1365 1068 rursus
1400 1018 1724 1069 invitamenta
1753 1019 1888 1083 pacis
1916 1041 1966 1070 10

171 1117 194 1155 3
220 1097 479 1150 ostentare.
569 1100 751 1164 quibus
792 1100 938 1149 rebus
986 1101 1172 1149 multae
1212 1099 1447 1160 civitateS,
1489 1117 1618 1163 quae
1657 1100 1710 1150 in
1749 1100 1888 1150 illum

220 1181 355 1231 diem
392 1198 453 1231 ex
491 1198 654 1245 aequo
692 1190 903 1246 egerant,
943 1179 1072 1230 datis
1114 1175 1374 1231 obsidibus
1415 1180 1537 1230 iram
1578 1198 1801 1245 posuere,
1840 1191 1889 1231 et

219 1262 473 1327 praesidiis
502 1249 813 1326 castellisque
848 1261 1182 1312 circumdatae
1216 1251 1345 1322 sunt,
1371 1270 1509 1311 tanta
1539 1262 1729 1312 ratione
1755 1279 1890 1312 cura-

220 1360 331 1407 que,
359 1352 415 1393 ut
445 1345 580 1393 nulla
611 1351 728 1393 ante
761 1342 1043 1393 Britanniae
1078 1359 1208 1392 nova
1242 1359 1354 1407 pars
1376 1344 1594 1407 pariter'
1610 1343 1888 1394 inlacessita

221 1423 473 1474 transierit.
1369 1429 1391 1439 '⁶
1914 1446 1962 1488 ις,

140 1518 195 1553 21
289 1506 511 1568 Sequens
536 1504 695 1554 hiems
720 1503 1049 1554 saluberrimis
1073 1504 1291 1555 consiliis
1322 1505 1600 1570 absumpta.
1672 1522 1889 1571 namque

220 1594 275 1635 ut
298 1585 526 1635 homines
551 1585 758 1652 dispersi
782 1602 841 1635 ac
865 1579 1208 1649 rudes‘eoque
1230 1585 1282 1634 in
1311 1586 1442 1635 bella
1470 1585 1638 1636 faciles
1662 1586 1817 1650 quieti
1840 1595 1889 1636 et

219 1666 330 1717 otio
355 1683 442 1732 per
471 1669 750 1731 voluptates
782 1668 1144 1728 adsuescerent,
1172 1666 1355 1717 hortari
1389 1666 1629 1732 privatim,
1655 1667 1889 1718 adiuvare

218 1748 430 1812 publice,
452 1757 507 1798 ut
531 1751 716 1813 templa
740 1750 845 1798 fora
868 1749 1047 1798 domos
1072 1756 1387 1808 exstruerent,
1415 1749 1670 1798 laudando
1692 1764 1887 1813 promp-

218 1838 295 1878 tos
329 1838 377 1879 et
409 1829 704 1894 castigando
729 1828 921 1893 segnis:
957 1829 1025 1878 ita
1059 1829 1262 1879 honoris
1297 1828 1564 1879 aemulatio
1599 1845 1690 1893 pro
1721 1845 1886 1879 neces·
1910 1853 1963 1883 20

169 1932 188 1958 2
218 1910 360 1960 sitate
401 1920 515 1960 erat.
602 1911 700 1961 iam
739 1927 855 1960 vero
893 1909 1170 1974 principum
1209 1909 1336 1960 filios
1377 1908 1661 1961 liberalibus
1700 1909 1886 1960 artibus

217 1990 423 2051 erudire,
452 2000 501 2041 et
533 1990 729 2055 ingenia
759 1991 1107 2050 Britannorum
1140 1990 1315 2040 studiis
1341 1991 1597 2040 Gallorum
1629 1993 1882 2053 anteferre,

216 2081 271 2122 ut
309 2073 394 2137 qui
435 2075 589 2123 modo
631 2073 848 2138 linguam
889 2075 1172 2123 Romanam
1212 2074 1514 2134 abnuebant,
1550 2073 1885 2138 eloquentiam

167 2173 189 2212 3
216 2154 635 2218 concupiscerent.
710 2154 827 2204 inde
846 2154 994 2204 etiam
1014 2154 1212 2204 habitus
1231 2154 1384 2204 nostri
1403 2156 1564 2204 honor
1581 2163 1631 2224 et
1654 2156 1884 2219 frequens

216 2244 343 2299 toga.
439 2234 777 2299 paulatimque
824 2235 1097 2285 discessum
1144 2237 1211 2285 ad
1257 2224 1591 2286 delenimenta
1630 2234 1878 2296 vitiorum,
1906 2257 1956 2299 ²⁵

216 2315 433 2381 porticus
458 2325 507 2366 et
530 2318 708 2366 balnea
736 2326 785 2366 et
816 2311 1154 2368 conviviorum
1187 2316 1493 2381 elegantiam.
1566 2316 1718 2380 idque
1745 2318 1881 2381 apud

216 2396 452 2461 inperitos
477 2397 757 2447 humanitas
784 2398 1064 2458 vocabatur,
1094 2415 1209 2448 cum
1235 2414 1345 2463 pars
1370 2397 1613 2448 servitutis
1638 2406 1778 2447 esset.

127 2483 192 2520 22
285 2477 482 2527 Tertius
528 2478 900 2542 expeditionum
942 2495 1101 2528 annus
1141 2496 1294 2529 novas
1334 2478 1493 2542 gentis
1539 2478 1741 2543 aperuit,
1780 2495 1884 2529 vas-

217 2556 328 2606 tatis
365 2573 522 2620 usque
556 2560 621 2607 ad
658 2562 886 2609 Tanaum
925 2560 1188 2625 (aestuario
1225 2577 1409 2610 nomen
1445 2558 1539 2624 est)
1581 2558 1878 2609 nationibus

218 2654 316 2701 qua
350 2638 611 2688 formidine
638 2639 786 2688 territi
820 2642 985 2690 hostes
1015 2657 1317 2705 quamquam
1353 2640 1688 2690 conflictatum
1724 2639 1880 2689 saevis
1905 2661 1957 2702 30

64 413 104 469 4

272 2770 300 2807 6
329 2767 503 2808 multum
527 2768 612 2808 1¹²1&
731 2782 780 2809 ιο
810 2769 1083 2811 invitamenta
1104 2770 1343 2810 Aa'dah'us:
1375 2770 1645 2811 inritamenta
1669 2770 1792 2820 (inci-
1812 2771 1879 2820 1⁸⁴²)

219 2821 327 2863 codd.
463 2835 512 2872 13
542 2828 642 2862 sunt
664 2822 894 2863 Baehrens:
926 2831 969 2864 et
990 2824 1126 2863 codd.:
1158 2838 1238 2864 om.
1262 2824 1393 2863 Rlaeen.
1526 2837 1574 2874 14
1604 2824 1765 2874 pariter
1784 2823 1878 2863 add.

219 2876 415 2928 Frrshlich,
458 2876 736 2916 Weissenborn
944 2891 992 2928 17
1023 2879 1133 2918 bella
1161 2878 1337 2917 Rosius:
1382 2878 1491 2917 bello
1523 2877 1631 2917 codd.
1825 2890 1878 2929 25

220 2932 472 2970 descensum
494 2931 671 2970 Pichena
864 2933 918 2970 26
945 2933 1113 2972 balinea
1134 2932 1203 2971 1¹²:
1243 2932 1418 2972 balneas
1439 2938 1473 2971 Δ
1491 2946 1499 2971 :
1539 2931 1729 2972 balineas
1749 2930 1884 2972 Ritter

220 2998 274 3035 29
302 2985 415 3025 Taus
436 2986 525 3025 sive
546 2986 712 3025 Tanaus
732 2990 794 3024 rm
817 3000 825 3025 ε
854 2986 988 3025 Taum
1008 2986 1106 3025 Put.
