2138 3470
587 182 947 233 DIALOGUS
983 182 1081 231 DE
1116 182 1576 234 ORATORIBUS

252 322 559 374 securitatem
592 321 767 373 melius
794 320 1080 372 innocentia
1112 329 1278 372 tuetur
1310 338 1462 386 quam
1497 322 1791 386 eloquentia,
1819 339 1912 373 nec

251 419 420 453 vereor
453 420 517 453 ne
554 401 675 452 mihi
712 419 950 467 umquam
981 402 1132 452 verba
1161 401 1214 452 in
1255 412 1429 452 senatu
1464 402 1559 452 nisi
1590 419 1680 468 pro
1714 404 1911 454 alterius

250 482 533 534 discrimine
556 483 783 534 facienda
807 483 916 533 sint.

320 566 538 615 Nemora
568 582 684 614 vero
719 574 769 615 et
802 563 902 614 luci
935 573 986 615 et
1020 573 1264 614 secretum
1300 563 1475 629 ipsum,
1508 566 1647 629 quod
1674 567 1809 630 Aper
1843 565 1911 615 in·
1933 577 1988 612 12

205 658 227 698 5
251 646 495 710 crepabat,
535 655 722 695 tantam
757 644 879 694 mihi
912 647 1142 695 adferunt
1176 647 1494 710 voluptatem,
1531 655 1585 695 ut
1619 645 1745 695 inter
1779 663 1913 711 prae-

251 725 424 790 cipuos
461 726 733 777 carminum
770 729 955 776 fructus
992 744 1261 787 numerem,
1298 728 1436 790 quod
1477 744 1579 776 non
1620 726 1671 777 in
1710 727 1912 792 strepitu

252 823 345 855 nec
364 808 567 857 sedente
584 817 699 857 ante
717 806 899 857 ostium
917 806 1157 872 litigatore
1173 824 1266 857 nec
1281 807 1408 857 inter
1426 809 1595 857 sordes
1613 825 1672 858 ac
1691 807 1913 858 lacrimas

253 903 447 937 reorum
471 898 849 953 componuntur,
870 890 958 938 sed
982 887 1169 939 secedit
1192 888 1386 938 animus
1411 887 1462 937 in
1487 891 1596 938 loca
1620 907 1742 953 pura
1765 899 1914 954 atque

252 965 536 1018 innocentia
557 969 826 1032 fruiturque
849 968 1051 1035 sedibus
1075 968 1236 1018 sacriS.
1286 970 1411 1018 haec
1436 969 1747 1033 eloquentiae
1771 969 1914 1034 prim·
1938 990 1958 1018 2

182 1064 230 1091 10
252 1046 402 1107 ordia,
439 1049 562 1098 haec
599 1049 866 1112 penetralia
882 1067 897 1110 3
936 1050 1034 1098 hoc
1065 1049 1279 1113 primum
1308 1049 1481 1099 habitu
1511 1052 1745 1114 cultuque
1783 1068 1914 1101 com-

251 1129 402 1177 moda
425 1127 712 1178 mortalibus
736 1128 788 1177 in
812 1129 895 1178 illa
917 1138 1051 1178 casta
1065 1138 1115 1179 et
1138 1129 1285 1179 nullis
1310 1139 1539 1179 contacta
1563 1130 1689 1180 vitiis
1714 1140 1913 1195 pectora

250 1206 468 1258 influxit:
510 1208 580 1259 sic
613 1211 812 1259 oracula
846 1210 1188 1274 loquebantur.
1274 1227 1391 1261 nam
1427 1213 1648 1261 lucrosae
1684 1211 1829 1261 huius
1865 1221 1914 1262 et

251 1288 584 1354 sanguinantis
623 1290 936 1354 eloquentiae
972 1307 1091 1340 usus
1132 1307 1303 1340 recens
1339 1300 1388 1340 et
1424 1308 1483 1340 ex
1518 1291 1658 1340 malis
1694 1292 1912 1342 moribus

249 1374 407 1430 natus,
442 1379 603 1434 atque,
642 1379 696 1420 ut
733 1379 787 1420 tu
827 1370 1044 1431 dicebas,
1070 1374 1217 1436 Aper,
1256 1371 1308 1421 in
1346 1373 1512 1421 locum
1554 1372 1637 1422 teli
1679 1381 1909 1437 repertus.

179 1465 230 1508 15
251 1458 469 1500 ceterum
503 1449 617 1500 felix
650 1450 772 1500 illud
808 1460 869 1512 et,
898 1460 952 1501 ut
988 1468 1126 1501 more
1160 1461 1331 1501 nostro
1365 1454 1549 1516 loquar,
1577 1469 1780 1503 aureum
1813 1470 1913 1503 sae·
1939 1468 1960 1507 3

249 1532 431 1591 culum,
470 1539 520 1581 et
558 1541 808 1582 oratorum
849 1540 898 1582 et
939 1532 1201 1582 criminum
1241 1532 1398 1598 inopS,
1438 1532 1598 1598 poetis
1634 1542 1684 1583 et
1718 1533 1912 1583 vatibus

250 1612 550 1673 abundabat,
578 1611 664 1677 qui
695 1613 824 1663 bene
859 1615 987 1663 facta
1016 1622 1260 1674 canerent,
1288 1631 1391 1664 non
1424 1613 1509 1679 qui
1542 1616 1670 1664 male
1698 1614 1913 1665 admissa

250 1694 585 1743 defenderent.
657 1711 751 1744 nec
774 1693 884 1744 ullis
908 1704 993 1744 aut
1016 1694 1169 1760 gloria
1187 1694 1343 1745 maior
1365 1704 1451 1744 aut
1468 1695 1719 1760 augustior
1736 1697 1907 1756 honor,
1935 1709 1961 1749 4

251 1773 463 1839 primum
497 1776 632 1839 apud
667 1776 802 1836 deOS,
831 1792 1043 1840 quorum
1079 1777 1294 1840 proferre
1329 1793 1563 1841 responsa
1595 1785 1644 1826 et
1678 1775 1911 1827 interesse

179 1875 229 1903 20
251 1855 407 1921 epulis
443 1856 733 1917 ferebantur,
766 1856 950 1907 deinde
986 1858 1122 1921 apud
1162 1856 1272 1907 illos
1307 1857 1384 1907 dis
1420 1857 1611 1922 genitos
1650 1874 1911 1922 sacrosque

249 1953 398 2000 reges,
420 1935 546 1986 inter
563 1954 689 2000 quos
713 1937 964 1988 neminem
983 1937 1301 1998 causidicum,
1321 1939 1409 1987 sed
1429 1939 1629 2002 Orphea
1651 1955 1710 1987 ac
1730 1937 1911 1988 Linum

249 2033 320 2076 ac,
348 2015 390 2065 si
417 2016 734 2081 introspicere
765 2017 910 2068 altius
940 2019 1072 2079 velis,
1101 2018 1265 2082 ipsum
1297 2018 1582 2083 Apollinem
1613 2019 1906 2084 accepimus.

249 2099 326 2146 vel
351 2097 391 2147 si
415 2099 538 2147 haec
561 2099 785 2148 fabulosa
816 2099 962 2148 nimis
988 2109 1036 2150 et
1061 2099 1336 2164 composita
1359 2100 1598 2160 videntur,
1627 2100 1749 2151 illud
1781 2110 1911 2151 certe
1936 2115 1958 2155 5

251 2177 371 2226 mihi
395 2180 652 2239 concedes,
675 2181 821 2243 Aper,
849 2197 952 2229 non
977 2180 1219 2229 minorem
1244 2181 1484 2229 honorem
1511 2182 1737 2230 Homero
1762 2198 1911 2245 quam

178 2278 198 2305 2
204 2278 226 2317 5
253 2259 580 2309 Demostheni
597 2262 730 2324 apud
748 2269 983 2324 posteros,
1003 2278 1096 2310 nec
1115 2260 1475 2325 angustioribus
1491 2260 1709 2310 terminis
1728 2263 1910 2311 famam

252 2338 500 2403 Euripidis
523 2349 608 2389 aut
633 2340 892 2404 Sophoclis
918 2358 1067 2405 quam
1094 2340 1269 2404 Lysiae
1301 2350 1385 2390 aut
1411 2340 1678 2404 Hyperidis
1708 2340 1906 2391 includi.

249 2417 399 2481 pluris
423 2418 574 2469 hodie
597 2420 819 2483 reperieS‚
842 2420 928 2485 qui
948 2421 1201 2472 Ciceronis
1226 2421 1430 2486 gloriam
1450 2438 1599 2485 quam
1619 2421 1704 2485 qui
1722 2422 1910 2487 Virgilii
1935 2430 1959 2470 6

249 2499 551 2549 detrectent:
587 2517 680 2549 nec
705 2503 832 2550 ullus
852 2501 1010 2550 Asinii
1033 2511 1119 2551 aut
1137 2504 1398 2552 Messallae
1422 2501 1546 2552 liber
1570 2511 1670 2552 tam
1695 2502 1908 2553 inlustris

249 2588 324 2628 est
347 2597 496 2644 quam
522 2582 707 2630 Medea
731 2581 898 2632 Ovidii
921 2592 1006 2631 aut
1030 2582 1165 2632 Varii
1190 2584 1443 2646 Thyestes.

177 2677 228 2716 30
316 2661 393 2709 Ac
416 2677 480 2710 ne
503 2662 749 2710 fortunam
773 2662 975 2726 quidem
995 2672 1161 2712 vatum
1181 2672 1229 2713 et
1248 2662 1369 2713 illud
1388 2662 1502 2713 felix
1526 2663 1904 2714 contubernium
1932 2677 1985 2724 13

307 2800 325 2828 1
357 2794 498 2829 tuetur
517 2788 693 2829 Pichena
711 2804 719 2829 ε
751 2796 875 2830 tueor
894 2791 1003 2832 codd.
1025 2806 1034 2830 τ
1065 2792 1284 2842 hucusque
1308 2806 1357 2833 ac
1378 2821 1390 2833 .
1412 2822 1422 2833 .
1445 2824 1454 2834 .
1481 2799 1603 2833 tueor
1623 2793 1736 2843 Lips.
1860 2807 1909 2833 10

250 2844 541 2883 commendata
559 2843 747 2884 Muretus
878 2858 926 2895 13
956 2860 1009 2885 ex
1028 2859 1112 2886 om.
1131 2846 1264 2886 ABD
1395 2850 1444 2887 18
1475 2848 1585 2887 ullus
1605 2847 1694 2886 AB
1778 2847 1909 2886 maior

256 2892 297 2932 V
309 2908 456 2947 marg„
475 2896 586 2948 Lips.
609 2913 619 2937 z
648 2912 776 2948 more,
801 2900 844 2938 in
865 2913 939 2939 ore
958 2899 1068 2940 codd.
1090 2914 1100 2939 ε
1130 2906 1220 2940 erat
1239 2900 1334 2941 add.
1356 2902 1489 2940 Ritter
1646 2914 1694 2940 21
1728 2902 1907 2941 causidi-

203 2995 206 2999 ¹
251 2962 347 2987 cum
366 2948 624 2991 Heumann:
672 2954 977 2993 causidicorum
996 2953 1104 2995 codd.
1220 2962 1263 2995 et
1285 2984 1296 2995 .
1317 2985 1327 2996 .
1352 2985 1362 2996 .
1389 2969 1436 2994 ac
1460 2954 1619 2995 CDAV
1629 2970 1637 2996 :
1698 2968 1746 2994 ac
1768 2986 1776 2995 .
1798 2985 1806 2994 .
1832 2985 1840 2994 .
1865 2961 1907 2993 et

254 3001 359 3043 Gud.
523 3018 575 3054 24
606 3007 816 3047 concedes
835 3008 1076 3048 Acidalz‘us:
1105 3010 1302 3049 concedis
1322 3009 1430 3049 codd.
