2138 3470
582 178 938 228 DIALOGUS
975 178 1070 226 DE
1106 178 1564 228 ORATORIBUS

311 317 527 367 Vixdum
559 316 748 366 finierat
780 318 1048 377 MaternuS,
1076 315 1350 366 concitatus
1383 325 1432 366 et
1455 318 1588 366 velut
1623 317 1894 379 instinctuS,
1922 329 1978 378 14

243 414 358 448 cum
389 397 656 461 Vipstanus
689 399 923 447 Messalla
956 396 1241 446 cubiculum
1273 396 1377 446 eius
1406 397 1650 462 ingressus
1687 407 1772 458 est,
1802 415 1900 448 sus-

242 478 530 544 picatusque
565 496 624 528 ex
658 478 765 542 ipsa
795 477 1069 528 intentione
1092 477 1395 542 singulorum
1418 478 1642 528 altiorem
1665 478 1791 528 inter
1816 496 1900 528 eos

243 576 349 610 esse
373 576 663 619 sermonem,
697 562 843 608 ‘num
875 575 1048 623 parum
1076 558 1394 623 tempestivus
1415 560 1426 583 ’
1449 558 1609 623 inquit
1639 558 1901 609 ‘interveni

193 655 216 697 5
242 648 484 690 secretum
502 638 762 689 consilium
781 648 830 689 et
849 656 1025 690 causae
1048 639 1252 690 alicuius
1278 639 1652 690 meditationem
1677 649 1902 691 tractant-

242 719 352 770 ibus
370 722 417 769 P'

312 804 325 828 ‘
344 800 565 862 Minime,
598 801 827 851 minime'
850 801 1010 866 inquit
1045 802 1315 862 Secundus,
1349 805 1526 866 ‘atque
1560 803 1689 852 adeo
1723 804 1900 853 vellem
1927 821 1946 848 2

242 882 475 931 maturius
510 882 850 932 intervenisses
868 901 883 944 3
922 885 1213 932 delectasset
1253 881 1386 931 enim
1424 891 1473 931 te
1509 891 1556 931 et
1592 883 1714 946 Apri
1747 883 1901 933 nostri

240 962 631 1012 accuratissimus
655 979 829 1023 sermo,
857 979 972 1011 cum
1003 965 1286 1011 Maternum
1310 971 1364 1011 ut
1389 978 1538 1011 omne
1567 961 1818 1026 ingenium
1842 980 1900 1012 ac

170 1065 218 1094 ιο
241 1041 458 1092 studium
499 1059 644 1091 suum
683 1043 749 1092 ad
795 1033 966 1091 causas
1011 1043 1226 1106 agendas
1274 1050 1578 1091 converteret
1620 1043 1899 1091 exhortatus

240 1132 325 1183 est,
353 1131 403 1172 et
433 1122 650 1172 Materni
678 1139 767 1186 pro
799 1114 1097 1172 carminibus
1134 1121 1232 1170 suis
1261 1123 1401 1181 laeta,
1429 1130 1583 1184 utque
1611 1130 1782 1185 poetas
1819 1123 1900 1172 de-

239 1202 374 1253 fendi
397 1204 619 1264 decebat,
641 1203 902 1254 audentior
919 1211 967 1253 et
985 1211 1241 1267 poetarum
1261 1219 1411 1266 quam
1430 1210 1678 1252 oratorum
1698 1190 1900 1252 similior

239 1283 424 1334 oratio!

311 1366 427 1414 ‘Me
456 1366 599 1414 vero'
622 1364 783 1429 inquit
811 1362 917 1431 ς[εἴ]
949 1380 1110 1414 sermo
1144 1363 1236 1412 iste
1267 1362 1458 1411 infinita
1485 1363 1737 1426 voluptate
1768 1364 1900 1412 adfe-
1924 1380 1947 1419 3

167 1459 214 1499 15
239 1444 396 1505 cisset,
436 1454 586 1508 atque
621 1444 674 1494 id
715 1444 878 1508 ipsum
918 1446 1142 1503 delectat,
1187 1444 1324 1506 quod
1359 1459 1459 1502 VOS,
1501 1442 1589 1491 viri
1630 1442 1804 1506 optimi
1851 1452 1900 1492 et

238 1535 517 1589 temporum
539 1534 819 1575 nostrorum
844 1534 1070 1584 oratores,
1099 1540 1202 1573 non
1226 1522 1501 1572 forensibus
1526 1531 1718 1572 tantum
1754 1540 1899 1586 nego-

237 1606 315 1655 tiis
348 1615 397 1656 et
424 1606 775 1656 declamatorio
799 1606 964 1655 studio
995 1604 1190 1668 ingenia
1213 1613 1371 1653 vestra
1407 1603 1651 1663 exercetis,
1680 1605 1768 1652 sed
1794 1603 1897 1652 eius

238 1686 377 1737 modi
400 1686 547 1736 etiam
572 1686 928 1750 disputationes
963 1683 1232 1743 adsumitis,
1261 1700 1388 1747 quae
1413 1692 1461 1733 et
1484 1683 1736 1746 ingenium
1760 1685 1897 1731 alunt

238 1777 288 1818 et
322 1767 610 1818 eruditionis
637 1784 697 1817 ac
727 1767 994 1816 litterarum
1029 1764 1440 1815 iucundissimum
1476 1765 1895 1813 oblectamentum

164 1869 214 1899 20
238 1865 353 1898 cum
383 1848 537 1908 vobis,
556 1847 651 1912 -qui
681 1847 774 1896 ista
810 1846 1081 1910 disputatis,
1116 1847 1355 1904 adferunt,
1395 1853 1501 1893 tum
1540 1843 1688 1892 etiam
1725 1842 1795 1903 iis,
1831 1845 1895 1891 ad

237 1945 448 1992 quorum
475 1928 603 1977 auris
635 1927 955 1992 pervenerint.
1028 1924 1193 1989 itaque
1217 1926 1415 1974 hercule
1439 1940 1542 1972 non
1567 1923 1728 1971 minus
1753 1924 1896 1986 prob-
1916 1940 1941 1977 4

236 2009 306 2058 ari
329 2009 474 2058 video
497 2008 550 2058 in
572 2019 634 2069 te,
663 2010 903 2069 Secunde,
932 2009 1069 2071 quod
1104 2006 1200 2055 Iuli
1235 2004 1452 2054 Africani
1475 2004 1626 2053 vitam
1662 2020 1896 2066 compon-

237 2090 370 2138 endo
405 2106 543 2152 spem
579 2088 863 2138 hominibus
898 2087 1055 2137 fecisti
1090 2086 1302 2151 plurium
1334 2085 1437 2134 eius
1471 2083 1608 2133 modi
1642 2083 1890 2143 librorum,

237 2162 387 2232 quam
414 2168 467 2218 in
497 2172 648 2233 Apro,
687 2170 827 2232 quod.
855 2169 1081 2217 nondum
1115 2167 1179 2215 ab
1215 2164 1517 2214 scholasticis
1554 2163 1893 2212 controversiis

165 2263 214 2303 25
237 2247 434 2298 recessit
479 2257 528 2298 et
574 2248 730 2298 otium
776 2265 920 2297 suum
966 2247 1150 2294 mavult
1190 2261 1431 2294 novorum
1467 2245 1717 2291 rhetorum
1758 2259 1894 2291 more

236 2347 386 2393 quam
408 2338 629 2379 veterum
653 2337 901 2378 oratorum
924 2326 1244 2376 consumere.’

301 2411 433 2458 Tum
474 2413 639 2473 Aper:
694 2412 822 2457 ‘non
868 2407 1063 2466 desinis,
1110 2406 1354 2464 Messalla,
1394 2412 1558 2452 vetera
1604 2411 1795 2451 tantum
1843 2411 1890 2451 et
1913 2415 1966 2462 15

233 2489 436 2553 antiqua
470 2488 643 2549 mirari,
671 2497 948 2538 nostrorum
983 2495 1149 2534 autem
1177 2494 1456 2547 temporum
1485 2482 1647 2532 studia
1681 2481 1890 2531 inridere

234 2579 382 2633 atque
416 2579 744 2619 contemnere.
817 2584 933 2616 nam
967 2567 1101 2614 hunc
1137 2573 1278 2612 tuum
1319 2578 1597 2612 sermonem
1634 2578 1780 2624 saepe
1815 2578 1891 2609 ex-

290 2712 315 2738 2
346 2711 439 2737 cum
468 2696 571 2737 EV:
613 2702 702 2735 tum
737 2699 817 2736 cett.
928 2692 1162 2743 Vipstanus
1192 2690 1379 2730 Ernesti:
1421 2688 1636 2736 Vibanius‚
1670 2687 1886 2738 Libanius,

236 2755 314 2793 &c.
339 2751 446 2792 codd.
632 2763 658 2801 5
689 2749 750 2801 et]
778 2754 855 2788 aut
880 2747 1016 2787 Halm
1195 2758 1246 2784 10
1276 2745 1524 2784 exhortatus
1555 2741 1664 2780 B2H
1676 2755 1684 2779 :
1728 2747 1770 2779 et
1793 2742 1888 2779 hor-

236 2811 348 2845 tatus
376 2810 456 2846 cett.
691 2817 739 2853 14
768 2815 870 2842 vero
889 2802 951 2840 B:
986 2813 1086 2839 uere
1115 2803 1195 2839 cett.
1309 2804 1349 2837 et
1377 2797 1462 2837 secl.
1484 2796 1646 2835 Halm:
1687 2801 1730 2834 et
1753 2796 1889 2833 oratio

237 2858 332 2898 add.
351 2858 467 2899 And.
579 2859 659 2897 iste
685 2857 846 2895 Halm:
890 2856 982 2905 ipse
1001 2853 1135 2893 codd.:
1180 2853 1252 2891 ille
1282 2851 1386 2891 Gud.
1559 2863 1609 2899 19
1638 2849 1889 2888 eruditionis

237 2912 300 2950 B:
331 2912 592 2951 eruditiones
611 2916 689 2951 cett.
839 2923 891 2948 22
920 2908 1106 2947 Africani
1126 2905 1370 2957 Nipperdey:
1403 2904 1561 2944 asiatici
1582 2902 1691 2941 codd.
1833 2915 1886 2950 24

204 2996 207 3000 .
239 2966 426 3004 damnari
447 2964 540 3004 add.
558 2970 654 3015 post
671 2977 795 3013 quam
815 2963 951 3001 Halm
970 2976 977 2999 :
1018 2961 1241 3010 improbari
1261 2958 1377 2998 And.
1544 2970 1593 3005 27
1626 2969 1710 2994 non
1732 2953 1863 2994 BEH
1873 2969 1882 2992 :

240 3032 338 3057 num
359 3024 438 3057 cett.

283 3086 374 3114 mc.
396 3087 450 3114 Da
470 3088 597 3118 onxr.
1753 3082 1776 3119 7
