<?xml version="1.0" encoding="UTF-8"?>
<!DOCTYPE html PUBLIC "-//W3C//DTD XHTML 1.0 Transitional//EN"
    "http://www.w3.org/TR/xhtml1/DTD/xhtml1-transitional.dtd">
<html xmlns="http://www.w3.org/1999/xhtml" xml:lang="en" lang="en">
 <head>
  <title>
</title>
<meta http-equiv="Content-Type" content="text/html;charset=utf-8" />
  <meta name='ocr-system' content='tesseract 3.04.00' />
  <meta name='ocr-capabilities' content='ocr_page ocr_carea ocr_par ocr_line ocrx_word'/>
</head>
<body>
  <div class='ocr_page' id='page_1' title='image "./operaminorarecog00taciuoft_0025.png"; bbox 0 0 2138 3470; ppageno 0'>
   <div class='ocr_carea' id='block_1_1' title="bbox 850 186 1274 237">
    <p class='ocr_par' dir='ltr' id='par_1_1' title="bbox 850 186 1274 237">
     <span class='ocr_line' id='line_1_1' title="bbox 850 186 1274 237; baseline 0.002 -1"><span class='ocrx_word' id='word_1_1' title='bbox 850 186 1233 236; x_wconf 89' lang='lat' dir='ltr'><strong>GERMANIA</strong></span> <span class='ocrx_word' id='word_1_2' title='bbox 1271 235 1274 237; x_wconf 72' lang='grc'><strong>,</strong></span> 
     </span>
    </p>
   </div>
   <div class='ocr_carea' id='block_1_2' title="bbox 138 325 1959 2727">
    <p class='ocr_par' dir='ltr' id='par_1_2' title="bbox 211 325 1913 633">
     <span class='ocr_line' id='line_1_2' title="bbox 212 325 1913 393; baseline 0 -17"><span class='ocrx_word' id='word_1_3' title='bbox 212 343 374 377; x_wconf 90' lang='lat' dir='ltr'>rarum</span> <span class='ocrx_word' id='word_1_4' title='bbox 398 336 585 377; x_wconf 88' lang='lat' dir='ltr'>secreta</span> <span class='ocrx_word' id='word_1_5' title='bbox 607 326 695 377; x_wconf 89' lang='lat' dir='ltr'>viri</span> <span class='ocrx_word' id='word_1_6' title='bbox 718 325 896 392; x_wconf 87' lang='lat' dir='ltr'>pariter</span> <span class='ocrx_word' id='word_1_7' title='bbox 925 344 985 378; x_wconf 90' lang='lat' dir='ltr'>ac</span> <span class='ocrx_word' id='word_1_8' title='bbox 1016 327 1228 378; x_wconf 88' lang='lat' dir='ltr'>feminae</span> <span class='ocrx_word' id='word_1_9' title='bbox 1262 327 1500 392; x_wconf 90' lang='lat' dir='ltr'>ignorant.</span> <span class='ocrx_word' id='word_1_10' title='bbox 1572 329 1868 393; x_wconf 89' lang='lat' dir='ltr'>paucissima</span> <span class='ocrx_word' id='word_1_11' title='bbox 1894 343 1913 370; x_wconf 84' lang='lat'>2</span> 
     </span>
     <span class='ocr_line' id='line_1_3' title="bbox 212 404 1867 472; baseline 0.001 -17"><span class='ocrx_word' id='word_1_12' title='bbox 212 404 264 455; x_wconf 90' lang='lat' dir='ltr'>in</span> <span class='ocrx_word' id='word_1_13' title='bbox 299 414 401 455; x_wconf 90' lang='lat' dir='ltr'>tam</span> <span class='ocrx_word' id='word_1_14' title='bbox 435 423 698 459; x_wconf 84' lang='lat' dir='ltr'>numerosa</span> <span class='ocrx_word' id='word_1_15' title='bbox 736 416 882 472; x_wconf 90' lang='lat' dir='ltr'>gente</span> <span class='ocrx_word' id='word_1_16' title='bbox 913 407 1165 468; x_wconf 90' lang='lat' dir='ltr'>adulteria,</span> <span class='ocrx_word' id='word_1_17' title='bbox 1191 424 1403 471; x_wconf 92' lang='lat' dir='ltr'>quorum</span> <span class='ocrx_word' id='word_1_18' title='bbox 1438 424 1602 472; x_wconf 88' lang='lat' dir='ltr'>poena</span> <span class='ocrx_word' id='word_1_19' title='bbox 1636 424 1867 472; x_wconf 84' lang='lat' dir='ltr'><strong>praesens</strong></span> 
     </span>
     <span class='ocr_line' id='line_1_4' title="bbox 211 487 1868 552; baseline 0.001 -16"><span class='ocrx_word' id='word_1_20' title='bbox 211 495 262 536; x_wconf 91' lang='lat' dir='ltr'>et</span> <span class='ocrx_word' id='word_1_21' title='bbox 294 487 477 537; x_wconf 87' lang='lat' dir='ltr'>maritis</span> <span class='ocrx_word' id='word_1_22' title='bbox 508 488 773 552; x_wconf 89' lang='lat' dir='ltr'>permissa:</span> <span class='ocrx_word' id='word_1_23' title='bbox 823 488 1027 538; x_wconf 90' lang='lat' dir='ltr'>abscisis</span> <span class='ocrx_word' id='word_1_24' title='bbox 1060 488 1277 538; x_wconf 89' lang='lat' dir='ltr'>crinibus</span> <span class='ocrx_word' id='word_1_25' title='bbox 1306 490 1544 539; x_wconf 89' lang='lat' dir='ltr'>nudatam</span> <span class='ocrx_word' id='word_1_26' title='bbox 1569 506 1736 539; x_wconf 90' lang='lat' dir='ltr'>coram</span> <span class='ocrx_word' id='word_1_27' title='bbox 1759 506 1868 552; x_wconf 93' lang='lat' dir='ltr'>pro-</span> 
     </span>
     <span class='ocr_line' id='line_1_5' title="bbox 211 566 1868 633; baseline 0.002 -17"><span class='ocrx_word' id='word_1_28' title='bbox 211 566 410 631; x_wconf 88' lang='lat' dir='ltr'>pinquis</span> <span class='ocrx_word' id='word_1_29' title='bbox 433 568 630 632; x_wconf 85' lang='lat' dir='ltr'>expellit</span> <span class='ocrx_word' id='word_1_30' title='bbox 654 570 808 619; x_wconf 91' lang='lat' dir='ltr'>domo</span> <span class='ocrx_word' id='word_1_31' title='bbox 832 569 1032 619; x_wconf 89' lang='lat' dir='ltr'>maritus</span> <span class='ocrx_word' id='word_1_32' title='bbox 1056 586 1115 618; x_wconf 92' lang='lat' dir='ltr'>ac</span> <span class='ocrx_word' id='word_1_33' title='bbox 1137 586 1225 633; x_wconf 88' lang='lat' dir='ltr'>per</span> <span class='ocrx_word' id='word_1_34' title='bbox 1253 586 1454 621; x_wconf 87' lang='lat' dir='ltr'>ornnem</span> <span class='ocrx_word' id='word_1_35' title='bbox 1478 569 1643 619; x_wconf 90' lang='lat' dir='ltr'>vicum</span> <span class='ocrx_word' id='word_1_36' title='bbox 1666 569 1868 619; x_wconf 90' lang='lat' dir='ltr'>verbere</span> 
     </span>
    </p>

    <p class='ocr_par' dir='ltr' id='par_1_3' title="bbox 165 649 1917 1039">
     <span class='ocr_line' id='line_1_6' title="bbox 165 649 1864 714; baseline 0.001 -16"><span class='ocrx_word' id='word_1_37' title='bbox 165 667 189 708; x_wconf 85' lang='lat'>5</span> <span class='ocrx_word' id='word_1_38' title='bbox 211 649 311 712; x_wconf 91' lang='lat' dir='ltr'>agit</span> <span class='ocrx_word' id='word_1_39' title='bbox 326 665 342 710; x_wconf 73' lang='grc' dir='ltr'><strong><em>ς</em></strong></span> <span class='ocrx_word' id='word_1_40' title='bbox 374 649 654 713; x_wconf 88' lang='lat' dir='ltr'>publicatae</span> <span class='ocrx_word' id='word_1_41' title='bbox 692 649 825 700; x_wconf 90' lang='lat' dir='ltr'>enim</span> <span class='ocrx_word' id='word_1_42' title='bbox 864 649 1132 714; x_wconf 88' lang='lat' dir='ltr'>pudicitiae</span> <span class='ocrx_word' id='word_1_43' title='bbox 1166 652 1302 699; x_wconf 91' lang='lat' dir='ltr'>nulla</span> <span class='ocrx_word' id='word_1_44' title='bbox 1335 650 1509 702; x_wconf 85' lang='lat' dir='ltr'>venia:</span> <span class='ocrx_word' id='word_1_45' title='bbox 1556 667 1659 700; x_wconf 92' lang='lat' dir='ltr'>non</span> <span class='ocrx_word' id='word_1_46' title='bbox 1693 652 1864 711; x_wconf 89' lang='lat' dir='ltr'>forma,</span> 
     </span>
     <span class='ocr_line' id='line_1_7' title="bbox 212 731 1917 795; baseline -0.001 -14"><span class='ocrx_word' id='word_1_47' title='bbox 212 748 315 781; x_wconf 91' lang='lat' dir='ltr'>non</span> <span class='ocrx_word' id='word_1_48' title='bbox 360 740 534 792; x_wconf 91' lang='lat' dir='ltr'>aetate,</span> <span class='ocrx_word' id='word_1_49' title='bbox 578 749 680 781; x_wconf 91' lang='lat' dir='ltr'>non</span> <span class='ocrx_word' id='word_1_50' title='bbox 721 731 899 795; x_wconf 91' lang='lat' dir='ltr'>opibus</span> <span class='ocrx_word' id='word_1_51' title='bbox 938 731 1166 781; x_wconf 91' lang='lat' dir='ltr'>maritum</span> <span class='ocrx_word' id='word_1_52' title='bbox 1213 731 1464 782; x_wconf 91' lang='lat' dir='ltr'>invenerit.</span> <span class='ocrx_word' id='word_1_53' title='bbox 1537 749 1688 782; x_wconf 92' lang='lat' dir='ltr'>nemo</span> <span class='ocrx_word' id='word_1_54' title='bbox 1734 731 1867 781; x_wconf 88' lang='lat' dir='ltr'>enim</span> <span class='ocrx_word' id='word_1_55' title='bbox 1894 746 1917 785; x_wconf 83' lang='grc'>3</span> 
     </span>
     <span class='ocr_line' id='line_1_8' title="bbox 211 812 1867 877; baseline 0.001 -15"><span class='ocrx_word' id='word_1_56' title='bbox 211 812 312 862; x_wconf 92' lang='lat' dir='ltr'>illic</span> <span class='ocrx_word' id='word_1_57' title='bbox 362 812 481 863; x_wconf 89' lang='lat' dir='ltr'>vitia</span> <span class='ocrx_word' id='word_1_58' title='bbox 524 812 664 873; x_wconf 91' lang='lat' dir='ltr'>ridet,</span> <span class='ocrx_word' id='word_1_59' title='bbox 713 830 807 863; x_wconf 92' lang='lat' dir='ltr'>nec</span> <span class='ocrx_word' id='word_1_60' title='bbox 853 829 1164 877; x_wconf 89' lang='lat' dir='ltr'>corrumpere</span> <span class='ocrx_word' id='word_1_61' title='bbox 1218 822 1267 863; x_wconf 93' lang='lat' dir='ltr'>et</span> <span class='ocrx_word' id='word_1_62' title='bbox 1321 812 1569 877; x_wconf 89' lang='lat' dir='ltr'>corrumpi</span> <span class='ocrx_word' id='word_1_63' title='bbox 1616 815 1867 863; x_wconf 87' lang='lat' dir='ltr'>saeculum</span> 
     </span>
     <span class='ocr_line' id='line_1_9' title="bbox 211 892 1867 957; baseline -0.001 -14"><span class='ocrx_word' id='word_1_64' title='bbox 211 902 426 943; x_wconf 90' lang='lat' dir='ltr'>vocatur.</span> <span class='ocrx_word' id='word_1_65' title='bbox 498 893 672 943; x_wconf 90' lang='lat' dir='ltr'>melius</span> <span class='ocrx_word' id='word_1_66' title='bbox 719 893 922 957; x_wconf 90' lang='lat' dir='ltr'>quidem</span> <span class='ocrx_word' id='word_1_67' title='bbox 968 895 1133 943; x_wconf 93' lang='lat' dir='ltr'>adhuc</span> <span class='ocrx_word' id='word_1_68' title='bbox 1178 910 1266 943; x_wconf 88' lang='lat' dir='ltr'>eae</span> <span class='ocrx_word' id='word_1_69' title='bbox 1313 892 1545 953; x_wconf 83' lang='lat' dir='ltr'>civitateS‚</span> <span class='ocrx_word' id='word_1_70' title='bbox 1588 892 1641 942; x_wconf 92' lang='lat' dir='ltr'>in</span> <span class='ocrx_word' id='word_1_71' title='bbox 1688 892 1867 957; x_wconf 90' lang='lat' dir='ltr'>quibus</span> 
     </span>
     <span class='ocr_line' id='line_1_10' title="bbox 210 974 1868 1039; baseline -0.001 -14"><span class='ocrx_word' id='word_1_72' title='bbox 210 985 405 1025; x_wconf 88' lang='lat' dir='ltr'>tantum</span> <span class='ocrx_word' id='word_1_73' title='bbox 441 974 650 1039; x_wconf 89' lang='lat' dir='ltr'>virgines</span> <span class='ocrx_word' id='word_1_74' title='bbox 687 975 883 1024; x_wconf 91' lang='lat' dir='ltr'>nubunt</span> <span class='ocrx_word' id='word_1_75' title='bbox 919 983 968 1039; x_wconf 88' lang='lat' dir='ltr'>et</span> <span class='ocrx_word' id='word_1_76' title='bbox 1006 991 1120 1023; x_wconf 91' lang='lat' dir='ltr'>cum</span> <span class='ocrx_word' id='word_1_77' title='bbox 1157 991 1244 1038; x_wconf 92' lang='lat' dir='ltr'>spe</span> <span class='ocrx_word' id='word_1_78' title='bbox 1278 983 1495 1038; x_wconf 91' lang='lat' dir='ltr'>votoque</span> <span class='ocrx_word' id='word_1_79' title='bbox 1527 974 1689 1024; x_wconf 88' lang='lat' dir='ltr'>uxoris</span> <span class='ocrx_word' id='word_1_80' title='bbox 1715 976 1868 1024; x_wconf 89' lang='lat' dir='ltr'>semel</span> 
     </span>
    </p>

    <p class='ocr_par' dir='ltr' id='par_1_4' title="bbox 140 1055 1917 1444">
     <span class='ocr_line' id='line_1_11' title="bbox 140 1055 1917 1121; baseline -0.002 -13"><span class='ocrx_word' id='word_1_81' title='bbox 140 1077 192 1108; x_wconf 82' lang='grc' dir='ltr'>ιο</span> <span class='ocrx_word' id='word_1_82' title='bbox 212 1056 501 1121; x_wconf 83' lang='lat' dir='ltr'>transigitur.</span> <span class='ocrx_word' id='word_1_83' title='bbox 574 1056 645 1106; x_wconf 90' lang='lat' dir='ltr'>sic</span> <span class='ocrx_word' id='word_1_84' title='bbox 681 1073 836 1106; x_wconf 90' lang='lat' dir='ltr'>unum</span> <span class='ocrx_word' id='word_1_85' title='bbox 868 1055 1117 1119; x_wconf 92' lang='lat' dir='ltr'>accipiunt</span> <span class='ocrx_word' id='word_1_86' title='bbox 1149 1055 1379 1105; x_wconf 90' lang='lat' dir='ltr'>maritum</span> <span class='ocrx_word' id='word_1_87' title='bbox 1408 1073 1508 1120; x_wconf 92' lang='lat' dir='ltr'>quo</span> <span class='ocrx_word' id='word_1_88' title='bbox 1533 1057 1687 1105; x_wconf 91' lang='lat' dir='ltr'>modo</span> <span class='ocrx_word' id='word_1_89' title='bbox 1711 1073 1867 1104; x_wconf 92' lang='lat' dir='ltr'>unum</span> <span class='ocrx_word' id='word_1_90' title='bbox 1890 1073 1917 1112; x_wconf 92' lang='lat'>4</span> 
     </span>
     <span class='ocr_line' id='line_1_12' title="bbox 209 1135 1867 1202; baseline -0.002 -14"><span class='ocrx_word' id='word_1_91' title='bbox 209 1154 391 1202; x_wconf 89' lang='lat' dir='ltr'>corpus</span> <span class='ocrx_word' id='word_1_92' title='bbox 426 1153 676 1200; x_wconf 87' lang='lat' dir='ltr'>unamque</span> <span class='ocrx_word' id='word_1_93' title='bbox 709 1136 874 1196; x_wconf 89' lang='lat' dir='ltr'>vitam,</span> <span class='ocrx_word' id='word_1_94' title='bbox 913 1153 976 1186; x_wconf 93' lang='lat' dir='ltr'>ne</span> <span class='ocrx_word' id='word_1_95' title='bbox 1012 1138 1111 1186; x_wconf 89' lang='lat' dir='ltr'>ulla</span> <span class='ocrx_word' id='word_1_96' title='bbox 1145 1135 1377 1199; x_wconf 84' lang='lat' dir='ltr'>cogitatio</span> <span class='ocrx_word' id='word_1_97' title='bbox 1412 1138 1550 1196; x_wconf 90' lang='lat' dir='ltr'>ultra,</span> <span class='ocrx_word' id='word_1_98' title='bbox 1578 1152 1641 1185; x_wconf 90' lang='lat' dir='ltr'>ne</span> <span class='ocrx_word' id='word_1_99' title='bbox 1676 1135 1867 1199; x_wconf 85' lang='lat' dir='ltr'>longior</span> 
     </span>
     <span class='ocr_line' id='line_1_13' title="bbox 211 1214 1867 1283; baseline -0.002 -14"><span class='ocrx_word' id='word_1_100' title='bbox 211 1214 469 1283; x_wconf 80' lang='lat' dir='ltr'>cupiditaS‚</span> <span class='ocrx_word' id='word_1_101' title='bbox 487 1235 551 1268; x_wconf 93' lang='lat' dir='ltr'>ne</span> <span class='ocrx_word' id='word_1_102' title='bbox 573 1227 827 1282; x_wconf 85' lang='lat' dir='ltr'>tamquam</span> <span class='ocrx_word' id='word_1_103' title='bbox 852 1218 1081 1267; x_wconf 89' lang='lat' dir='ltr'>maritum</span> <span class='ocrx_word' id='word_1_104' title='bbox 1106 1219 1195 1267; x_wconf 91' lang='lat' dir='ltr'>sed</span> <span class='ocrx_word' id='word_1_105' title='bbox 1218 1226 1473 1281; x_wconf 88' lang='lat' dir='ltr'>tamquam</span> <span class='ocrx_word' id='word_1_106' title='bbox 1497 1216 1867 1266; x_wconf 89' lang='lat' dir='ltr'>matrimonium</span> 
     </span>
     <span class='ocr_line' id='line_1_14' title="bbox 209 1298 1914 1364; baseline -0.002 -12"><span class='ocrx_word' id='word_1_107' title='bbox 209 1310 391 1352; x_wconf 86' lang='lat' dir='ltr'>ament.</span> <span class='ocrx_word' id='word_1_108' title='bbox 480 1316 741 1350; x_wconf 91' lang='lat' dir='ltr'>numerum</span> <span class='ocrx_word' id='word_1_109' title='bbox 802 1299 1067 1348; x_wconf 91' lang='lat' dir='ltr'>liberorum</span> <span class='ocrx_word' id='word_1_110' title='bbox 1114 1298 1254 1348; x_wconf 91' lang='lat' dir='ltr'>finire</span> <span class='ocrx_word' id='word_1_111' title='bbox 1311 1309 1397 1348; x_wconf 89' lang='lat' dir='ltr'>aut</span> <span class='ocrx_word' id='word_1_112' title='bbox 1457 1316 1761 1364; x_wconf 87' lang='lat' dir='ltr'>quemquam</span> <span class='ocrx_word' id='word_1_113' title='bbox 1806 1316 1866 1348; x_wconf 87' lang='lat' dir='ltr'>ex</span> <span class='ocrx_word' id='word_1_114' title='bbox 1892 1314 1914 1353; x_wconf 84' lang='lat'>5</span> 
     </span>
     <span class='ocr_line' id='line_1_15' title="bbox 209 1379 1866 1444; baseline 0 -13"><span class='ocrx_word' id='word_1_115' title='bbox 209 1380 434 1444; x_wconf 89' lang='lat' dir='ltr'>adgnatis</span> <span class='ocrx_word' id='word_1_116' title='bbox 466 1397 641 1430; x_wconf 89' lang='lat' dir='ltr'>necare</span> <span class='ocrx_word' id='word_1_117' title='bbox 673 1379 909 1443; x_wconf 87' lang='lat' dir='ltr'>flagitium</span> <span class='ocrx_word' id='word_1_118' title='bbox 945 1379 1166 1439; x_wconf 91' lang='lat' dir='ltr'>habetur,</span> <span class='ocrx_word' id='word_1_119' title='bbox 1197 1381 1408 1443; x_wconf 88' lang='lat' dir='ltr'>plusque</span> <span class='ocrx_word' id='word_1_120' title='bbox 1444 1379 1514 1429; x_wconf 91' lang='lat' dir='ltr'>ibi</span> <span class='ocrx_word' id='word_1_121' title='bbox 1551 1379 1672 1429; x_wconf 93' lang='lat' dir='ltr'>boni</span> <span class='ocrx_word' id='word_1_122' title='bbox 1704 1396 1866 1431; x_wconf 88' lang='lat' dir='ltr'>mores</span> 
     </span>
    </p>

    <p class='ocr_par' dir='ltr' id='par_1_5' title="bbox 138 1460 1042 1524">
     <span class='ocr_line' id='line_1_16' title="bbox 138 1460 1042 1524; baseline -0.003 -11"><span class='ocrx_word' id='word_1_123' title='bbox 138 1471 188 1514; x_wconf 81' lang='lat'>15</span> <span class='ocrx_word' id='word_1_124' title='bbox 210 1463 374 1511; x_wconf 87' lang='lat' dir='ltr'>valent</span> <span class='ocrx_word' id='word_1_125' title='bbox 397 1477 548 1524; x_wconf 89' lang='lat' dir='ltr'>quam</span> <span class='ocrx_word' id='word_1_126' title='bbox 571 1460 688 1510; x_wconf 90' lang='lat' dir='ltr'>alibi</span> <span class='ocrx_word' id='word_1_127' title='bbox 712 1461 874 1510; x_wconf 90' lang='lat' dir='ltr'>bonae</span> <span class='ocrx_word' id='word_1_128' title='bbox 898 1462 1042 1524; x_wconf 78' lang='lat' dir='ltr'>leges·</span> 
     </span>
    </p>

    <p class='ocr_par' dir='ltr' id='par_1_6' title="bbox 211 1539 1959 1845">
     <span class='ocr_line' id='line_1_17' title="bbox 279 1539 1959 1601; baseline -0.001 -11"><span class='ocrx_word' id='word_1_129' title='bbox 279 1542 341 1590; x_wconf 88' lang='lat' dir='ltr'>In</span> <span class='ocrx_word' id='word_1_130' title='bbox 379 1540 516 1590; x_wconf 92' lang='lat' dir='ltr'>omni</span> <span class='ocrx_word' id='word_1_131' title='bbox 556 1542 710 1591; x_wconf 92' lang='lat' dir='ltr'>domo</span> <span class='ocrx_word' id='word_1_132' title='bbox 751 1540 873 1590; x_wconf 91' lang='lat' dir='ltr'>nudi</span> <span class='ocrx_word' id='word_1_133' title='bbox 912 1556 971 1589; x_wconf 89' lang='lat' dir='ltr'>ac</span> <span class='ocrx_word' id='word_1_134' title='bbox 1012 1539 1198 1590; x_wconf 89' lang='lat' dir='ltr'>sordidi</span> <span class='ocrx_word' id='word_1_135' title='bbox 1238 1540 1289 1589; x_wconf 91' lang='lat' dir='ltr'>in</span> <span class='ocrx_word' id='word_1_136' title='bbox 1329 1542 1423 1590; x_wconf 92' lang='lat' dir='ltr'>hos</span> <span class='ocrx_word' id='word_1_137' title='bbox 1462 1549 1608 1601; x_wconf 86' lang='lat' dir='ltr'>artuS‚</span> <span class='ocrx_word' id='word_1_138' title='bbox 1649 1540 1701 1590; x_wconf 92' lang='lat' dir='ltr'>in</span> <span class='ocrx_word' id='word_1_139' title='bbox 1742 1543 1865 1591; x_wconf 90' lang='lat' dir='ltr'>haec</span> <span class='ocrx_word' id='word_1_140' title='bbox 1888 1554 1959 1590; x_wconf 78' lang='lat'>20</span> 
     </span>
     <span class='ocr_line' id='line_1_18' title="bbox 211 1620 1867 1684; baseline -0.001 -13"><span class='ocrx_word' id='word_1_141' title='bbox 211 1637 430 1684; x_wconf 88' lang='lat' dir='ltr'>corpora,</span> <span class='ocrx_word' id='word_1_142' title='bbox 469 1637 598 1684; x_wconf 92' lang='lat' dir='ltr'>quae</span> <span class='ocrx_word' id='word_1_143' title='bbox 635 1620 880 1680; x_wconf 87' lang='lat' dir='ltr'>miramur,</span> <span class='ocrx_word' id='word_1_144' title='bbox 920 1630 1219 1670; x_wconf 88' lang='lat' dir='ltr'>excrescunt.</span> <span class='ocrx_word' id='word_1_145' title='bbox 1292 1637 1381 1670; x_wconf 91' lang='lat' dir='ltr'>sua</span> <span class='ocrx_word' id='word_1_146' title='bbox 1421 1636 1671 1684; x_wconf 91' lang='lat' dir='ltr'>quemque</span> <span class='ocrx_word' id='word_1_147' title='bbox 1712 1631 1867 1671; x_wconf 87' lang='lat' dir='ltr'>mater</span> 
     </span>
     <span class='ocr_line' id='line_1_19' title="bbox 211 1701 1915 1764; baseline -0.004 -12"><span class='ocrx_word' id='word_1_148' title='bbox 211 1701 446 1752; x_wconf 87' lang='lat' dir='ltr'>uberibus</span> <span class='ocrx_word' id='word_1_149' title='bbox 468 1701 567 1762; x_wconf 90' lang='lat' dir='ltr'>alit,</span> <span class='ocrx_word' id='word_1_150' title='bbox 594 1718 687 1751; x_wconf 92' lang='lat' dir='ltr'>nec</span> <span class='ocrx_word' id='word_1_151' title='bbox 710 1701 900 1750; x_wconf 90' lang='lat' dir='ltr'>ancillis</span> <span class='ocrx_word' id='word_1_152' title='bbox 923 1711 1008 1750; x_wconf 91' lang='lat' dir='ltr'>aut</span> <span class='ocrx_word' id='word_1_153' title='bbox 1040 1701 1311 1751; x_wconf 90' lang='lat' dir='ltr'>nutricibus</span> <span class='ocrx_word' id='word_1_154' title='bbox 1340 1703 1639 1764; x_wconf 87' lang='lat' dir='ltr'>delegantur.</span> <span class='ocrx_word' id='word_1_155' title='bbox 1712 1702 1868 1752; x_wconf 88' lang='lat' dir='ltr'>domi·</span> <span class='ocrx_word' id='word_1_156' title='bbox 1896 1719 1915 1746; x_wconf 85' lang='lat'><em>2</em></span> 
     </span>
     <span class='ocr_line' id='line_1_20' title="bbox 212 1781 1869 1845; baseline 0 -13"><span class='ocrx_word' id='word_1_157' title='bbox 212 1799 334 1832; x_wconf 89' lang='lat' dir='ltr'>num</span> <span class='ocrx_word' id='word_1_158' title='bbox 357 1799 418 1831; x_wconf 90' lang='lat' dir='ltr'>ac</span> <span class='ocrx_word' id='word_1_159' title='bbox 441 1799 635 1832; x_wconf 87' lang='lat' dir='ltr'>servum</span> <span class='ocrx_word' id='word_1_160' title='bbox 664 1781 810 1831; x_wconf 92' lang='lat' dir='ltr'>nullis</span> <span class='ocrx_word' id='word_1_161' title='bbox 844 1781 1152 1831; x_wconf 90' lang='lat' dir='ltr'>educationis</span> <span class='ocrx_word' id='word_1_162' title='bbox 1188 1781 1377 1831; x_wconf 92' lang='lat' dir='ltr'>deliciis</span> <span class='ocrx_word' id='word_1_163' title='bbox 1409 1781 1700 1845; x_wconf 87' lang='lat' dir='ltr'>dignoscas:</span> <span class='ocrx_word' id='word_1_164' title='bbox 1742 1782 1869 1834; x_wconf 90' lang='lat' dir='ltr'>inter</span> 
     </span>
    </p>

    <p class='ocr_par' dir='ltr' id='par_1_7' title="bbox 138 1861 1916 2246">
     <span class='ocr_line' id='line_1_21' title="bbox 138 1861 1867 1926; baseline 0 -14"><span class='ocrx_word' id='word_1_165' title='bbox 138 1875 191 1905; x_wconf 78' lang='lat'>20</span> <span class='ocrx_word' id='word_1_166' title='bbox 211 1864 387 1912; x_wconf 89' lang='lat' dir='ltr'>eadem</span> <span class='ocrx_word' id='word_1_167' title='bbox 410 1879 603 1926; x_wconf 89' lang='lat' dir='ltr'>pecora,</span> <span class='ocrx_word' id='word_1_168' title='bbox 630 1861 682 1911; x_wconf 95' lang='lat' dir='ltr'>in</span> <span class='ocrx_word' id='word_1_169' title='bbox 714 1863 889 1911; x_wconf 91' lang='lat' dir='ltr'>eadem</span> <span class='ocrx_word' id='word_1_170' title='bbox 921 1863 1078 1912; x_wconf 91' lang='lat' dir='ltr'>humo</span> <span class='ocrx_word' id='word_1_171' title='bbox 1106 1863 1306 1925; x_wconf 89' lang='lat' dir='ltr'>degunt,</span> <span class='ocrx_word' id='word_1_172' title='bbox 1333 1863 1495 1910; x_wconf 87' lang='lat' dir='ltr'>donec</span> <span class='ocrx_word' id='word_1_173' title='bbox 1518 1871 1652 1912; x_wconf 86' lang='lat' dir='ltr'>aetas</span> <span class='ocrx_word' id='word_1_174' title='bbox 1676 1871 1867 1925; x_wconf 88' lang='lat' dir='ltr'>separet</span> 
     </span>
     <span class='ocr_line' id='line_1_22' title="bbox 211 1940 1916 2006; baseline 0.002 -15"><span class='ocrx_word' id='word_1_175' title='bbox 211 1942 466 2005; x_wconf 87' lang='lat' dir='ltr'>ingenuos,</span> <span class='ocrx_word' id='word_1_176' title='bbox 509 1941 660 1991; x_wconf 90' lang='lat' dir='ltr'>virtus</span> <span class='ocrx_word' id='word_1_177' title='bbox 700 1944 983 2005; x_wconf 89' lang='lat' dir='ltr'>adgnoscat.</span> <span class='ocrx_word' id='word_1_178' title='bbox 1073 1958 1180 1991; x_wconf 90' lang='lat' dir='ltr'>sera</span> <span class='ocrx_word' id='word_1_179' title='bbox 1219 1940 1454 1991; x_wconf 91' lang='lat' dir='ltr'>iuvenum</span> <span class='ocrx_word' id='word_1_180' title='bbox 1494 1958 1664 2002; x_wconf 91' lang='lat' dir='ltr'>venus,</span> <span class='ocrx_word' id='word_1_181' title='bbox 1707 1958 1867 2006; x_wconf 90' lang='lat' dir='ltr'>eoque</span> <span class='ocrx_word' id='word_1_182' title='bbox 1894 1957 1916 1995; x_wconf 81' lang='lat'>3</span> 
     </span>
     <span class='ocr_line' id='line_1_23' title="bbox 211 2021 1867 2085; baseline -0.001 -14"><span class='ocrx_word' id='word_1_183' title='bbox 211 2021 500 2071; x_wconf 88' lang='lat' dir='ltr'>inexhausta</span> <span class='ocrx_word' id='word_1_184' title='bbox 545 2022 790 2085; x_wconf 86' lang='lat' dir='ltr'>pubertas.</span> <span class='ocrx_word' id='word_1_185' title='bbox 885 2038 980 2071; x_wconf 89' lang='lat' dir='ltr'>nec</span> <span class='ocrx_word' id='word_1_186' title='bbox 1036 2021 1245 2085; x_wconf 87' lang='lat' dir='ltr'>virgines</span> <span class='ocrx_word' id='word_1_187' title='bbox 1302 2021 1594 2070; x_wconf 88' lang='lat' dir='ltr'>festinantur</span> <span class='ocrx_word' id='word_1_188' title='bbox 1609 2039 1624 2082; x_wconf 83' lang='lat'>3</span> <span class='ocrx_word' id='word_1_189' title='bbox 1692 2023 1867 2071; x_wconf 90' lang='lat' dir='ltr'>eadem</span> 
     </span>
     <span class='ocr_line' id='line_1_24' title="bbox 210 2101 1868 2165; baseline 0.001 -15"><span class='ocrx_word' id='word_1_190' title='bbox 210 2101 424 2162; x_wconf 90' lang='lat' dir='ltr'>iuventa,</span> <span class='ocrx_word' id='word_1_191' title='bbox 450 2101 622 2151; x_wconf 89' lang='lat' dir='ltr'>similis</span> <span class='ocrx_word' id='word_1_192' title='bbox 638 2125 640 2127; x_wconf 95' lang='lat'>·</span> <span class='ocrx_word' id='word_1_193' title='bbox 657 2102 952 2165; x_wconf 87' lang='lat' dir='ltr'>proceritas:</span> <span class='ocrx_word' id='word_1_194' title='bbox 993 2119 1135 2165; x_wconf 91' lang='lat' dir='ltr'>pares</span> <span class='ocrx_word' id='word_1_195' title='bbox 1169 2102 1460 2165; x_wconf 89' lang='lat' dir='ltr'>validaeque</span> <span class='ocrx_word' id='word_1_196' title='bbox 1496 2101 1775 2162; x_wconf 89' lang='lat' dir='ltr'>miscentur,</span> <span class='ocrx_word' id='word_1_197' title='bbox 1809 2119 1868 2151; x_wconf 89' lang='lat' dir='ltr'>ac</span> 
     </span>
     <span class='ocr_line' id='line_1_25' title="bbox 211 2181 1916 2246; baseline -0.001 -14"><span class='ocrx_word' id='word_1_198' title='bbox 211 2183 389 2232; x_wconf 89' lang='lat' dir='ltr'>robora</span> <span class='ocrx_word' id='word_1_199' title='bbox 418 2191 677 2246; x_wconf 90' lang='lat' dir='ltr'>parentum</span> <span class='ocrx_word' id='word_1_200' title='bbox 710 2181 849 2230; x_wconf 90' lang='lat' dir='ltr'>liberi</span> <span class='ocrx_word' id='word_1_201' title='bbox 886 2183 1112 2231; x_wconf 89' lang='lat' dir='ltr'>referunt.</span> <span class='ocrx_word' id='word_1_202' title='bbox 1188 2198 1410 2231; x_wconf 92' lang='lat' dir='ltr'>sororum</span> <span class='ocrx_word' id='word_1_203' title='bbox 1442 2181 1554 2231; x_wconf 92' lang='lat' dir='ltr'>filiis</span> <span class='ocrx_word' id='word_1_204' title='bbox 1577 2181 1711 2231; x_wconf 91' lang='lat' dir='ltr'>idem</span> <span class='ocrx_word' id='word_1_205' title='bbox 1734 2184 1868 2245; x_wconf 91' lang='lat' dir='ltr'>apud</span> <span class='ocrx_word' id='word_1_206' title='bbox 1889 2193 1916 2231; x_wconf 93' lang='lat'>4</span> 
     </span>
    </p>

    <p class='ocr_par' dir='ltr' id='par_1_8' title="bbox 138 2261 1914 2647">
     <span class='ocr_line' id='line_1_26' title="bbox 138 2261 1869 2326; baseline -0.002 -13"><span class='ocrx_word' id='word_1_207' title='bbox 138 2277 190 2320; x_wconf 76' lang='lat'>25</span> <span class='ocrx_word' id='word_1_208' title='bbox 211 2265 509 2313; x_wconf 84' lang='lat' dir='ltr'>avunculum</span> <span class='ocrx_word' id='word_1_209' title='bbox 528 2262 619 2326; x_wconf 88' lang='lat' dir='ltr'>qui</span> <span class='ocrx_word' id='word_1_210' title='bbox 642 2264 706 2312; x_wconf 90' lang='lat' dir='ltr'>ad</span> <span class='ocrx_word' id='word_1_211' title='bbox 730 2272 919 2326; x_wconf 90' lang='lat' dir='ltr'>patrem</span> <span class='ocrx_word' id='word_1_212' title='bbox 943 2263 1115 2312; x_wconf 91' lang='lat' dir='ltr'>honor.</span> <span class='ocrx_word' id='word_1_213' title='bbox 1187 2261 1392 2324; x_wconf 90' lang='lat' dir='ltr'>quidam</span> <span class='ocrx_word' id='word_1_214' title='bbox 1416 2261 1711 2311; x_wconf 87' lang='lat' dir='ltr'>sanctiorem</span> <span class='ocrx_word' id='word_1_215' title='bbox 1728 2262 1869 2311; x_wconf 91' lang='lat' dir='ltr'>artio-</span> 
     </span>
     <span class='ocr_line' id='line_1_27' title="bbox 212 2341 1867 2406; baseline -0.001 -14"><span class='ocrx_word' id='word_1_216' title='bbox 212 2359 416 2406; x_wconf 88' lang='lat' dir='ltr'>remque</span> <span class='ocrx_word' id='word_1_217' title='bbox 439 2344 574 2392; x_wconf 91' lang='lat' dir='ltr'>hunc</span> <span class='ocrx_word' id='word_1_218' title='bbox 598 2359 780 2392; x_wconf 86' lang='lat' dir='ltr'>nexum</span> <span class='ocrx_word' id='word_1_219' title='bbox 805 2342 1055 2406; x_wconf 89' lang='lat' dir='ltr'>sanguinis</span> <span class='ocrx_word' id='word_1_220' title='bbox 1079 2341 1373 2391; x_wconf 89' lang='lat' dir='ltr'>arbitrantur</span> <span class='ocrx_word' id='word_1_221' title='bbox 1397 2351 1445 2391; x_wconf 91' lang='lat' dir='ltr'>et</span> <span class='ocrx_word' id='word_1_222' title='bbox 1477 2342 1529 2390; x_wconf 92' lang='lat' dir='ltr'>in</span> <span class='ocrx_word' id='word_1_223' title='bbox 1566 2342 1867 2405; x_wconf 91' lang='lat' dir='ltr'>accipiendis</span> 
     </span>
     <span class='ocr_line' id='line_1_28' title="bbox 213 2422 1868 2486; baseline -0.001 -14"><span class='ocrx_word' id='word_1_224' title='bbox 213 2422 471 2473; x_wconf 92' lang='lat' dir='ltr'>obsidibus</span> <span class='ocrx_word' id='word_1_225' title='bbox 513 2423 667 2486; x_wconf 90' lang='lat' dir='ltr'>magis</span> <span class='ocrx_word' id='word_1_226' title='bbox 708 2423 922 2486; x_wconf 89' lang='lat' dir='ltr'>exigunt,</span> <span class='ocrx_word' id='word_1_227' title='bbox 959 2432 1212 2486; x_wconf 88' lang='lat' dir='ltr'>tamquam</span> <span class='ocrx_word' id='word_1_228' title='bbox 1254 2431 1303 2471; x_wconf 95' lang='lat' dir='ltr'>et</span> <span class='ocrx_word' id='word_1_229' title='bbox 1340 2422 1561 2471; x_wconf 90' lang='lat' dir='ltr'>animum</span> <span class='ocrx_word' id='word_1_230' title='bbox 1594 2422 1784 2470; x_wconf 64' lang='lat' dir='ltr'>&gt;firmius</span> <span class='ocrx_word' id='word_1_231' title='bbox 1819 2432 1868 2471; x_wconf 89' lang='lat' dir='ltr'>et</span> 
     </span>
     <span class='ocr_line' id='line_1_29' title="bbox 211 2501 1914 2565; baseline -0.004 -11"><span class='ocrx_word' id='word_1_232' title='bbox 211 2505 420 2554; x_wconf 89' lang='lat' dir='ltr'>domum</span> <span class='ocrx_word' id='word_1_233' title='bbox 443 2503 588 2552; x_wconf 91' lang='lat' dir='ltr'>latius</span> <span class='ocrx_word' id='word_1_234' title='bbox 619 2511 833 2554; x_wconf 88' lang='lat' dir='ltr'>teneant.</span> <span class='ocrx_word' id='word_1_235' title='bbox 905 2504 1112 2552; x_wconf 90' lang='lat' dir='ltr'>heredes</span> <span class='ocrx_word' id='word_1_236' title='bbox 1147 2512 1314 2551; x_wconf 89' lang='lat' dir='ltr'>tamen</span> <span class='ocrx_word' id='word_1_237' title='bbox 1352 2518 1758 2565; x_wconf 90' lang='lat' dir='ltr'>successoresque</span> <span class='ocrx_word' id='word_1_238' title='bbox 1794 2501 1869 2551; x_wconf 91' lang='lat' dir='ltr'>sui</span> <span class='ocrx_word' id='word_1_239' title='bbox 1892 2509 1914 2548; x_wconf 85' lang='grc'><strong>5</strong></span> 
     </span>
     <span class='ocr_line' id='line_1_30' title="bbox 212 2582 1866 2647; baseline -0.002 -14"><span class='ocrx_word' id='word_1_240' title='bbox 212 2584 393 2647; x_wconf 89' lang='lat' dir='ltr'>cuique</span> <span class='ocrx_word' id='word_1_241' title='bbox 429 2583 583 2643; x_wconf 90' lang='lat' dir='ltr'>liberi,</span> <span class='ocrx_word' id='word_1_242' title='bbox 614 2593 664 2632; x_wconf 95' lang='lat' dir='ltr'>et</span> <span class='ocrx_word' id='word_1_243' title='bbox 695 2585 886 2632; x_wconf 90' lang='lat' dir='ltr'>nullum</span> <span class='ocrx_word' id='word_1_244' title='bbox 918 2591 1282 2634; x_wconf 88' lang='lat' dir='ltr'>testamentum.</span> <span class='ocrx_word' id='word_1_245' title='bbox 1355 2582 1396 2632; x_wconf 90' lang='lat' dir='ltr'>si</span> <span class='ocrx_word' id='word_1_246' title='bbox 1428 2582 1568 2632; x_wconf 92' lang='lat' dir='ltr'>liberi</span> <span class='ocrx_word' id='word_1_247' title='bbox 1599 2600 1702 2632; x_wconf 90' lang='lat' dir='ltr'>non</span> <span class='ocrx_word' id='word_1_248' title='bbox 1739 2592 1866 2642; x_wconf 91' lang='lat' dir='ltr'>sunt,</span> 
     </span>
    </p>

    <p class='ocr_par' dir='ltr' id='par_1_9' title="bbox 142 2662 1865 2727">
     <span class='ocr_line' id='line_1_31' title="bbox 142 2662 1865 2727; baseline -0.003 -11"><span class='ocrx_word' id='word_1_249' title='bbox 142 2675 196 2716; x_wconf 78' lang='lat'>30</span> <span class='ocrx_word' id='word_1_250' title='bbox 212 2663 463 2727; x_wconf 88' lang='lat' dir='ltr'>proximus</span> <span class='ocrx_word' id='word_1_251' title='bbox 504 2665 682 2726; x_wconf 89' lang='lat' dir='ltr'>gradus</span> <span class='ocrx_word' id='word_1_252' title='bbox 722 2662 774 2711; x_wconf 92' lang='lat' dir='ltr'>in</span> <span class='ocrx_word' id='word_1_253' title='bbox 815 2664 1128 2726; x_wconf 90' lang='lat' dir='ltr'>possessione</span> <span class='ocrx_word' id='word_1_254' title='bbox 1174 2664 1357 2723; x_wconf 84' lang='lat' dir='ltr'>fratreS,</span> <span class='ocrx_word' id='word_1_255' title='bbox 1401 2663 1574 2726; x_wconf 89' lang='lat' dir='ltr'>patrui,</span> <span class='ocrx_word' id='word_1_256' title='bbox 1623 2662 1865 2712; x_wconf 89' lang='lat' dir='ltr'>avunculi.</span> 
     </span>
    </p>
   </div>
   <div class='ocr_carea' id='block_1_3' title="bbox 213 2788 1891 2948">
    <p class='ocr_par' dir='ltr' id='par_1_10' title="bbox 213 2788 1891 2948">
     <span class='ocr_line' id='line_1_32' title="bbox 265 2788 1891 2842; baseline 0 -12"><span class='ocrx_word' id='word_1_257' title='bbox 265 2802 293 2841; x_wconf 88' lang='lat'>3</span> <span class='ocrx_word' id='word_1_258' title='bbox 321 2789 496 2830; x_wconf 87' lang='lat' dir='ltr'>abscisis</span> <span class='ocrx_word' id='word_1_259' title='bbox 528 2788 680 2842; x_wconf 71' lang='lat' dir='ltr'><strong><em>MSV:</em></strong></span> <span class='ocrx_word' id='word_1_260' title='bbox 721 2790 898 2829; x_wconf 85' lang='lat' dir='ltr'>adscisis</span> <span class='ocrx_word' id='word_1_261' title='bbox 930 2790 1060 2841; x_wconf 80' lang='lat' dir='ltr'>(acc·)</span> <span class='ocrx_word' id='word_1_262' title='bbox 1095 2793 1176 2830; x_wconf 86' lang='lat' dir='ltr'>cett.</span> <span class='ocrx_word' id='word_1_263' title='bbox 1358 2802 1383 2840; x_wconf 88' lang='lat'><strong>5</strong></span> <span class='ocrx_word' id='word_1_264' title='bbox 1413 2791 1631 2830; x_wconf 87' lang='lat' dir='ltr'>enimvero</span> <span class='ocrx_word' id='word_1_265' title='bbox 1669 2790 1891 2842; x_wconf 47' lang='lat' dir='ltr'>Madvzgz</span> 
     </span>
     <span class='ocr_line' id='line_1_33' title="bbox 213 2842 1867 2895; baseline 0 -12"><span class='ocrx_word' id='word_1_266' title='bbox 213 2845 342 2884; x_wconf 85' lang='lat' dir='ltr'>etiam</span> <span class='ocrx_word' id='word_1_267' title='bbox 363 2844 474 2895; x_wconf 75' lang='lat' dir='ltr'>LipS.</span> <span class='ocrx_word' id='word_1_268' title='bbox 498 2857 509 2883; x_wconf 76' lang='lat' dir='ltr'><strong><em>z</em></strong></span> <span class='ocrx_word' id='word_1_269' title='bbox 536 2843 651 2883; x_wconf 89' lang='lat' dir='ltr'>enim</span> <span class='ocrx_word' id='word_1_270' title='bbox 670 2844 755 2883; x_wconf 83' lang='lat' dir='ltr'>secl.</span> <span class='ocrx_word' id='word_1_271' title='bbox 776 2842 1000 2894; x_wconf 84' lang='lat' dir='ltr'>Nipperdey</span> <span class='ocrx_word' id='word_1_272' title='bbox 1188 2844 1215 2880; x_wconf 91' lang='lat'><strong>6</strong></span> <span class='ocrx_word' id='word_1_273' title='bbox 1244 2843 1405 2882; x_wconf 89' lang='lat' dir='ltr'>invenit</span> <span class='ocrx_word' id='word_1_274' title='bbox 1428 2843 1504 2882; x_wconf 90' lang='lat' dir='ltr'>CD</span> <span class='ocrx_word' id='word_1_275' title='bbox 1697 2846 1746 2883; x_wconf 89' lang='lat'>18</span> <span class='ocrx_word' id='word_1_276' title='bbox 1774 2844 1867 2894; x_wconf 85' lang='lat' dir='ltr'>aut]</span> 
     </span>
     <span class='ocr_line' id='line_1_34' title="bbox 213 2895 1868 2948; baseline -0.001 -11"><span class='ocrx_word' id='word_1_277' title='bbox 213 2910 264 2938; x_wconf 80' lang='lat' dir='ltr'>ac</span> <span class='ocrx_word' id='word_1_278' title='bbox 286 2896 363 2937; x_wconf 86' lang='lat' dir='ltr'>CD</span> <span class='ocrx_word' id='word_1_279' title='bbox 523 2908 576 2945; x_wconf 76' lang='lat'>25</span> <span class='ocrx_word' id='word_1_280' title='bbox 604 2895 677 2948; x_wconf 87' lang='lat' dir='ltr'>ad]</span> <span class='ocrx_word' id='word_1_281' title='bbox 701 2897 814 2946; x_wconf 90' lang='lat' dir='ltr'>apud</span> <span class='ocrx_word' id='word_1_282' title='bbox 834 2896 876 2934; x_wconf 93' lang='lat' dir='ltr'><em>B</em></span> <span class='ocrx_word' id='word_1_283' title='bbox 922 2908 925 2911; x_wconf 49' lang='lat'>¹</span> <span class='ocrx_word' id='word_1_284' title='bbox 990 2906 994 2910; x_wconf 90' lang='grc'><strong>’</strong></span> <span class='ocrx_word' id='word_1_285' title='bbox 1031 2909 1081 2948; x_wconf 85' lang='lat'>27</span> <span class='ocrx_word' id='word_1_286' title='bbox 1112 2903 1155 2935; x_wconf 89' lang='lat' dir='ltr'>et</span> <span class='ocrx_word' id='word_1_287' title='bbox 1176 2897 1361 2935; x_wconf 86' lang='lat' dir='ltr'>animum</span> <span class='ocrx_word' id='word_1_288' title='bbox 1381 2896 1526 2935; x_wconf 84' lang='lat' dir='ltr'><strong>H²M:</strong></span> <span class='ocrx_word' id='word_1_289' title='bbox 1556 2900 1597 2936; x_wconf 88' lang='lat' dir='ltr'>et</span> <span class='ocrx_word' id='word_1_290' title='bbox 1618 2898 1661 2935; x_wconf 90' lang='lat' dir='ltr'>in</span> <span class='ocrx_word' id='word_1_291' title='bbox 1682 2897 1868 2936; x_wconf 83' lang='lat' dir='ltr'>animum</span> 
     </span>
    </p>
   </div>
   <div class='ocr_carea' id='block_1_4' title="bbox 214 2949 871 3007">
    <p class='ocr_par' dir='ltr' id='par_1_11' title="bbox 214 2949 871 3007">
     <span class='ocr_line' id='line_1_35' title="bbox 214 2949 871 3007; baseline -0.002 -18"><span class='ocrx_word' id='word_1_292' title='bbox 214 2955 298 3007; x_wconf 64' lang='lat' dir='ltr'>cett.</span> <span class='ocrx_word' id='word_1_293' title='bbox 318 2963 328 2990; x_wconf 89' lang='lat'><strong>:</strong></span> <span class='ocrx_word' id='word_1_294' title='bbox 357 2951 484 2991; x_wconf 84' lang='lat' dir='ltr'>etiam</span> <span class='ocrx_word' id='word_1_295' title='bbox 504 2951 691 2990; x_wconf 83' lang='lat' dir='ltr'>animum</span> <span class='ocrx_word' id='word_1_296' title='bbox 710 2949 871 2989; x_wconf 80' lang='lat' dir='ltr'>Holder</span> 
     </span>
    </p>
   </div>
  </div>
 </body>
</html>
