<?xml version="1.0" encoding="UTF-8"?>
<!DOCTYPE html PUBLIC "-//W3C//DTD XHTML 1.0 Transitional//EN"
    "http://www.w3.org/TR/xhtml1/DTD/xhtml1-transitional.dtd">
<html xmlns="http://www.w3.org/1999/xhtml" xml:lang="en" lang="en">
 <head>
  <title>
</title>
<meta http-equiv="Content-Type" content="text/html;charset=utf-8" />
  <meta name='ocr-system' content='tesseract 3.04.00' />
  <meta name='ocr-capabilities' content='ocr_page ocr_carea ocr_par ocr_line ocrx_word'/>
</head>
<body>
  <div class='ocr_page' id='page_1' title='image "./operaminorarecog00taciuoft_0099.png"; bbox 0 0 2138 3470; ppageno 0'>
   <div class='ocr_carea' id='block_1_1' title="bbox 619 111 1602 161">
    <p class='ocr_par' dir='ltr' id='par_1_1' title="bbox 619 111 1602 161">
     <span class='ocr_line' id='line_1_1' title="bbox 619 111 1602 161; baseline 0.001 -1"><span class='ocrx_word' id='word_1_1' title='bbox 619 111 975 161; x_wconf 90' lang='lat' dir='ltr'><strong>DIALOGUS</strong></span> <span class='ocrx_word' id='word_1_2' title='bbox 1014 111 1108 159; x_wconf 92' lang='lat' dir='ltr'><strong>DE</strong></span> <span class='ocrx_word' id='word_1_3' title='bbox 1145 111 1602 161; x_wconf 88' lang='lat' dir='ltr'><strong>ORATORIBUS</strong></span> 
     </span>
    </p>
   </div>
   <div class='ocr_carea' id='block_1_2' title="bbox 153 248 2003 2721">
    <p class='ocr_par' dir='ltr' id='par_1_2' title="bbox 201 248 1983 1904">
     <span class='ocr_line' id='line_1_2' title="bbox 282 248 1935 312; baseline -0.002 -11"><span class='ocrx_word' id='word_1_4' title='bbox 282 253 450 301; x_wconf 88' lang='lat' dir='ltr'><strong>culum</strong></span> <span class='ocrx_word' id='word_1_5' title='bbox 490 258 711 299; x_wconf 90' lang='lat' dir='ltr'><strong>nostrum</strong></span> <span class='ocrx_word' id='word_1_6' title='bbox 752 248 906 312; x_wconf 87' lang='lat' dir='ltr'><strong>patiar</strong></span> <span class='ocrx_word' id='word_1_7' title='bbox 946 250 1039 297; x_wconf 89' lang='lat' dir='ltr'><strong>hac</strong></span> <span class='ocrx_word' id='word_1_8' title='bbox 1079 257 1237 297; x_wconf 91' lang='lat' dir='ltr'><strong>vestra</strong></span> <span class='ocrx_word' id='word_1_9' title='bbox 1278 248 1642 311; x_wconf 83' lang='lat' dir='ltr'>conspiratione</span> <span class='ocrx_word' id='word_1_10' title='bbox 1683 250 1935 298; x_wconf 89' lang='lat' dir='ltr'><strong>damnari:</strong></span> 
     </span>
     <span class='ocr_line' id='line_1_3' title="bbox 280 328 1936 394; baseline -0.001 -14"><span class='ocrx_word' id='word_1_11' title='bbox 280 331 369 380; x_wconf 87' lang='lat' dir='ltr'><strong>sed</strong></span> <span class='ocrx_word' id='word_1_12' title='bbox 403 331 501 379; x_wconf 90' lang='lat' dir='ltr'><strong>hoc</strong></span> <span class='ocrx_word' id='word_1_13' title='bbox 535 328 746 394; x_wconf 91' lang='lat' dir='ltr'><strong>primum</strong></span> <span class='ocrx_word' id='word_1_14' title='bbox 782 328 1104 392; x_wconf 83' lang='lat' dir='ltr'><strong>interrogabO,</strong></span> <span class='ocrx_word' id='word_1_15' title='bbox 1140 344 1265 392; x_wconf 91' lang='lat' dir='ltr'><strong>quos</strong></span> <span class='ocrx_word' id='word_1_16' title='bbox 1293 328 1478 377; x_wconf 85' lang='lat' dir='ltr'><strong>vocetis</strong></span> <span class='ocrx_word' id='word_1_17' title='bbox 1511 329 1754 392; x_wconf 80' lang='lat' dir='ltr'><strong>antiquOS‚</strong></span> <span class='ocrx_word' id='word_1_18' title='bbox 1788 346 1936 392; x_wconf 89' lang='lat' dir='ltr'><strong>quam</strong></span> 
     </span>
     <span class='ocr_line' id='line_1_4' title="bbox 279 408 1983 474; baseline -0.001 -14"><span class='ocrx_word' id='word_1_19' title='bbox 279 419 527 460; x_wconf 88' lang='lat' dir='ltr'><strong>oratorum</strong></span> <span class='ocrx_word' id='word_1_20' title='bbox 550 418 760 459; x_wconf 88' lang='lat' dir='ltr'><strong>aetatem</strong></span> <span class='ocrx_word' id='word_1_21' title='bbox 785 408 1140 474; x_wconf 89' lang='lat' dir='ltr'><strong>significatione</strong></span> <span class='ocrx_word' id='word_1_22' title='bbox 1163 408 1255 457; x_wconf 91' lang='lat' dir='ltr'><strong>ista</strong></span> <span class='ocrx_word' id='word_1_23' title='bbox 1278 409 1625 458; x_wconf 83' lang='lat' dir='ltr'><strong>determinetis.</strong></span> <span class='ocrx_word' id='word_1_24' title='bbox 1687 426 1779 473; x_wconf 88' lang='lat' dir='ltr'><strong>ego</strong></span> <span class='ocrx_word' id='word_1_25' title='bbox 1804 409 1936 458; x_wconf 89' lang='lat' dir='ltr'><strong>enirn</strong></span> <span class='ocrx_word' id='word_1_26' title='bbox 1962 424 1983 462; x_wconf 84' lang='grc'><strong><em>5</em></strong></span> 
     </span>
     <span class='ocr_line' id='line_1_5' title="bbox 278 490 1938 555; baseline -0.002 -14"><span class='ocrx_word' id='word_1_27' title='bbox 278 508 394 541; x_wconf 92' lang='lat' dir='ltr'><strong>cum</strong></span> <span class='ocrx_word' id='word_1_28' title='bbox 430 491 581 540; x_wconf 90' lang='lat' dir='ltr'><strong>audio</strong></span> <span class='ocrx_word' id='word_1_29' title='bbox 616 490 858 554; x_wconf 90' lang='lat' dir='ltr'><strong>antiquos,</strong></span> <span class='ocrx_word' id='word_1_30' title='bbox 895 491 1138 555; x_wconf 90' lang='lat' dir='ltr'><strong>quosdam</strong></span> <span class='ocrx_word' id='word_1_31' title='bbox 1173 499 1360 540; x_wconf 90' lang='lat' dir='ltr'><strong>veteres</strong></span> <span class='ocrx_word' id='word_1_32' title='bbox 1390 500 1438 539; x_wconf 91' lang='lat' dir='ltr'><strong>et</strong></span> <span class='ocrx_word' id='word_1_33' title='bbox 1468 490 1587 539; x_wconf 90' lang='lat' dir='ltr'><strong>olim</strong></span> <span class='ocrx_word' id='word_1_34' title='bbox 1621 500 1764 540; x_wconf 89' lang='lat' dir='ltr'><strong>natos</strong></span> <span class='ocrx_word' id='word_1_35' title='bbox 1800 490 1938 540; x_wconf 88' lang='lat' dir='ltr'><strong>intel-</strong></span> 
     </span>
     <span class='ocr_line' id='line_1_6' title="bbox 230 570 1937 636; baseline -0.002 -14"><span class='ocrx_word' id='word_1_36' title='bbox 230 583 254 624; x_wconf 87' lang='lat'><strong>5</strong></span> <span class='ocrx_word' id='word_1_37' title='bbox 278 573 400 636; x_wconf 89' lang='lat' dir='ltr'><strong>lego,</strong></span> <span class='ocrx_word' id='word_1_38' title='bbox 428 588 486 620; x_wconf 91' lang='lat' dir='ltr'><strong>ac</strong></span> <span class='ocrx_word' id='word_1_39' title='bbox 519 570 639 619; x_wconf 94' lang='lat' dir='ltr'><strong>mihi</strong></span> <span class='ocrx_word' id='word_1_40' title='bbox 670 579 921 620; x_wconf 83' lang='lat' dir='ltr'><strong>versantur</strong></span> <span class='ocrx_word' id='word_1_41' title='bbox 947 579 1069 619; x_wconf 81' lang='lat' dir='ltr'><strong>ante</strong></span> <span class='ocrx_word' id='word_1_42' title='bbox 1101 572 1271 620; x_wconf 92' lang='lat' dir='ltr'><strong>oculos</strong></span> <span class='ocrx_word' id='word_1_43' title='bbox 1302 570 1472 620; x_wconf 85' lang='lat' dir='ltr'><strong>Ulixes</strong></span> <span class='ocrx_word' id='word_1_44' title='bbox 1500 587 1560 619; x_wconf 90' lang='lat' dir='ltr'><strong>ac</strong></span> <span class='ocrx_word' id='word_1_45' title='bbox 1597 572 1790 630; x_wconf 90' lang='lat' dir='ltr'><strong>Nestor,</strong></span> <span class='ocrx_word' id='word_1_46' title='bbox 1819 587 1937 633; x_wconf 91' lang='lat' dir='ltr'><strong>quo-</strong></span> 
     </span>
     <span class='ocr_line' id='line_1_7' title="bbox 277 650 1935 701; baseline -0.001 0"><span class='ocrx_word' id='word_1_47' title='bbox 277 668 386 701; x_wconf 91' lang='lat' dir='ltr'><strong>rum</strong></span> <span class='ocrx_word' id='word_1_48' title='bbox 424 660 558 701; x_wconf 91' lang='lat' dir='ltr'><strong>aetas</strong></span> <span class='ocrx_word' id='word_1_49' title='bbox 594 651 727 700; x_wconf 91' lang='lat' dir='ltr'><strong>mille</strong></span> <span class='ocrx_word' id='word_1_50' title='bbox 763 653 862 700; x_wconf 89' lang='lat' dir='ltr'><strong>fere</strong></span> <span class='ocrx_word' id='word_1_51' title='bbox 899 660 947 700; x_wconf 89' lang='lat' dir='ltr'><strong>et</strong></span> <span class='ocrx_word' id='word_1_52' title='bbox 982 650 1211 700; x_wconf 88' lang='lat' dir='ltr'><strong>trecentis</strong></span> <span class='ocrx_word' id='word_1_53' title='bbox 1246 650 1389 699; x_wconf 85' lang='lat' dir='ltr'><strong>annis</strong></span> <span class='ocrx_word' id='word_1_54' title='bbox 1425 652 1676 699; x_wconf 91' lang='lat' dir='ltr'><strong>saeculum</strong></span> <span class='ocrx_word' id='word_1_55' title='bbox 1711 660 1935 700; x_wconf 90' lang='lat' dir='ltr'><strong>nostrum</strong></span> 
     </span>
     <span class='ocr_line' id='line_1_8' title="bbox 276 731 1931 795; baseline 0 -15"><span class='ocrx_word' id='word_1_56' title='bbox 276 731 524 781; x_wconf 87' lang='lat' dir='ltr'><strong>antecedit</strong></span> <span class='ocrx_word' id='word_1_57' title='bbox 543 750 552 780; x_wconf 91' lang='lat'><strong>:</strong></span> <span class='ocrx_word' id='word_1_58' title='bbox 589 748 675 780; x_wconf 92' lang='lat' dir='ltr'><strong>vos</strong></span> <span class='ocrx_word' id='word_1_59' title='bbox 694 741 859 780; x_wconf 90' lang='lat' dir='ltr'><strong>autem</strong></span> <span class='ocrx_word' id='word_1_60' title='bbox 878 733 1268 781; x_wconf 89' lang='lat' dir='ltr'><strong>Demosthenem</strong></span> <span class='ocrx_word' id='word_1_61' title='bbox 1293 740 1342 780; x_wconf 91' lang='lat' dir='ltr'><strong>et</strong></span> <span class='ocrx_word' id='word_1_62' title='bbox 1368 731 1676 795; x_wconf 91' lang='lat' dir='ltr'><strong>Hyperidem</strong></span> <span class='ocrx_word' id='word_1_63' title='bbox 1694 731 1931 795; x_wconf 89' lang='lat' dir='ltr'><strong>profertis,</strong></span> 
     </span>
     <span class='ocr_line' id='line_1_9' title="bbox 277 811 1930 876; baseline -0.001 -15"><span class='ocrx_word' id='word_1_64' title='bbox 277 828 402 876; x_wconf 91' lang='lat' dir='ltr'><strong>quos</strong></span> <span class='ocrx_word' id='word_1_65' title='bbox 426 811 541 861; x_wconf 88' lang='lat' dir='ltr'><strong>satis</strong></span> <span class='ocrx_word' id='word_1_66' title='bbox 566 821 756 861; x_wconf 91' lang='lat' dir='ltr'><strong>constat</strong></span> <span class='ocrx_word' id='word_1_67' title='bbox 776 811 989 875; x_wconf 91' lang='lat' dir='ltr'><strong>Philippi</strong></span> <span class='ocrx_word' id='word_1_68' title='bbox 1013 821 1066 861; x_wconf 87' lang='lat' dir='ltr'><strong>et</strong></span> <span class='ocrx_word' id='word_1_69' title='bbox 1085 811 1351 860; x_wconf 82' lang='lat' dir='ltr'><strong>Alexandri</strong></span> <span class='ocrx_word' id='word_1_70' title='bbox 1374 811 1678 875; x_wconf 89' lang='lat' dir='ltr'><strong>temporibus</strong></span> <span class='ocrx_word' id='word_1_71' title='bbox 1696 811 1930 872; x_wconf 89' lang='lat' dir='ltr'><strong>floruisse,</strong></span> 
     </span>
     <span class='ocr_line' id='line_1_10' title="bbox 276 891 1983 955; baseline 0.001 -17"><span class='ocrx_word' id='word_1_72' title='bbox 276 891 344 940; x_wconf 93' lang='lat' dir='ltr'><strong>ita</strong></span> <span class='ocrx_word' id='word_1_73' title='bbox 367 900 531 940; x_wconf 88' lang='lat' dir='ltr'><strong>tamen</strong></span> <span class='ocrx_word' id='word_1_74' title='bbox 556 901 610 940; x_wconf 90' lang='lat' dir='ltr'><strong>ut</strong></span> <span class='ocrx_word' id='word_1_75' title='bbox 633 891 824 954; x_wconf 89' lang='lat' dir='ltr'><strong>utrique</strong></span> <span class='ocrx_word' id='word_1_76' title='bbox 849 891 1128 955; x_wconf 86' lang='lat' dir='ltr'><strong>superstites</strong></span> <span class='ocrx_word' id='word_1_77' title='bbox 1153 901 1328 940; x_wconf 90' lang='lat' dir='ltr'><strong>essent.</strong></span> <span class='ocrx_word' id='word_1_78' title='bbox 1401 909 1461 940; x_wconf 93' lang='lat' dir='ltr'><strong>ex</strong></span> <span class='ocrx_word' id='word_1_79' title='bbox 1483 908 1584 955; x_wconf 94' lang='lat' dir='ltr'><strong>quo</strong></span> <span class='ocrx_word' id='word_1_80' title='bbox 1607 901 1809 955; x_wconf 88' lang='lat' dir='ltr'><strong>apparet</strong></span> <span class='ocrx_word' id='word_1_81' title='bbox 1832 909 1935 941; x_wconf 92' lang='lat' dir='ltr'><strong>non</strong></span> <span class='ocrx_word' id='word_1_82' title='bbox 1959 901 1983 940; x_wconf 89' lang='lat'><strong>6</strong></span> 
     </span>
     <span class='ocr_line' id='line_1_11' title="bbox 206 971 1933 1035; baseline 0 -15"><span class='ocrx_word' id='word_1_83' title='bbox 206 984 256 1012; x_wconf 90' lang='lat'><strong>10</strong></span> <span class='ocrx_word' id='word_1_84' title='bbox 278 974 434 1021; x_wconf 89' lang='lat' dir='ltr'><strong>multo</strong></span> <span class='ocrx_word' id='word_1_85' title='bbox 465 972 614 1035; x_wconf 90' lang='lat' dir='ltr'><strong>pluris</strong></span> <span class='ocrx_word' id='word_1_86' title='bbox 648 989 797 1035; x_wconf 92' lang='lat' dir='ltr'><strong>quam</strong></span> <span class='ocrx_word' id='word_1_87' title='bbox 830 981 1073 1027; x_wconf 90' lang='lat' dir='ltr'><strong>trecentos</strong></span> <span class='ocrx_word' id='word_1_88' title='bbox 1104 988 1262 1020; x_wconf 91' lang='lat' dir='ltr'><strong>annos</strong></span> <span class='ocrx_word' id='word_1_89' title='bbox 1290 971 1524 1020; x_wconf 89' lang='lat' dir='ltr'><strong>interesse</strong></span> <span class='ocrx_word' id='word_1_90' title='bbox 1555 971 1682 1020; x_wconf 92' lang='lat' dir='ltr'><strong>inter</strong></span> <span class='ocrx_word' id='word_1_91' title='bbox 1715 981 1933 1020; x_wconf 92' lang='lat' dir='ltr'><strong>nostram</strong></span> 
     </span>
     <span class='ocr_line' id='line_1_12' title="bbox 276 1051 1933 1115; baseline 0 -15"><span class='ocrx_word' id='word_1_92' title='bbox 276 1060 325 1100; x_wconf 91' lang='lat' dir='ltr'><strong>et</strong></span> <span class='ocrx_word' id='word_1_93' title='bbox 373 1051 723 1101; x_wconf 88' lang='lat' dir='ltr'><strong>Demosthenis</strong></span> <span class='ocrx_word' id='word_1_94' title='bbox 761 1061 984 1106; x_wconf 89' lang='lat' dir='ltr'><strong>aetatem.</strong></span> <span class='ocrx_word' id='word_1_95' title='bbox 1058 1053 1195 1114; x_wconf 92' lang='lat' dir='ltr'><strong>quod</strong></span> <span class='ocrx_word' id='word_1_96' title='bbox 1241 1051 1453 1115; x_wconf 88' lang='lat' dir='ltr'><strong>spatium</strong></span> <span class='ocrx_word' id='word_1_97' title='bbox 1500 1051 1734 1115; x_wconf 88' lang='lat' dir='ltr'><strong>temporis</strong></span> <span class='ocrx_word' id='word_1_98' title='bbox 1781 1051 1822 1100; x_wconf 91' lang='lat' dir='ltr'><strong>si</strong></span> <span class='ocrx_word' id='word_1_99' title='bbox 1867 1054 1933 1100; x_wconf 93' lang='lat' dir='ltr'><strong>ad</strong></span> 
     </span>
     <span class='ocr_line' id='line_1_13' title="bbox 275 1132 1932 1196; baseline 0 -16"><span class='ocrx_word' id='word_1_100' title='bbox 275 1132 607 1182; x_wconf 88' lang='lat' dir='ltr'><strong>infirmitatem</strong></span> <span class='ocrx_word' id='word_1_101' title='bbox 644 1148 905 1196; x_wconf 91' lang='lat' dir='ltr'><strong>corporum</strong></span> <span class='ocrx_word' id='word_1_102' title='bbox 942 1137 1221 1180; x_wconf 91' lang='lat' dir='ltr'><strong>nostrorum</strong></span> <span class='ocrx_word' id='word_1_103' title='bbox 1256 1133 1446 1191; x_wconf 88' lang='lat' dir='ltr'><strong>referas,</strong></span> <span class='ocrx_word' id='word_1_104' title='bbox 1484 1133 1690 1180; x_wconf 89' lang='lat' dir='ltr'><strong>fortasse</strong></span> <span class='ocrx_word' id='word_1_105' title='bbox 1728 1133 1932 1195; x_wconf 88' lang='lat' dir='ltr'><strong>longum</strong></span> 
     </span>
     <span class='ocr_line' id='line_1_14' title="bbox 275 1211 1933 1275; baseline -0.002 -13"><span class='ocrx_word' id='word_1_106' title='bbox 275 1213 496 1262; x_wconf 88' lang='lat' dir='ltr'><strong>videatur</strong></span> <span class='ocrx_word' id='word_1_107' title='bbox 513 1231 526 1273; x_wconf 84' lang='lat'>3</span> <span class='ocrx_word' id='word_1_108' title='bbox 562 1212 602 1261; x_wconf 92' lang='lat' dir='ltr'><strong>si</strong></span> <span class='ocrx_word' id='word_1_109' title='bbox 632 1214 697 1261; x_wconf 91' lang='lat' dir='ltr'><strong>ad</strong></span> <span class='ocrx_word' id='word_1_110' title='bbox 726 1221 951 1261; x_wconf 88' lang='lat' dir='ltr'><strong>naturam</strong></span> <span class='ocrx_word' id='word_1_111' title='bbox 983 1213 1290 1261; x_wconf 90' lang='lat' dir='ltr'><strong>saeculorum</strong></span> <span class='ocrx_word' id='word_1_112' title='bbox 1318 1228 1376 1260; x_wconf 91' lang='lat' dir='ltr'><strong>ac</strong></span> <span class='ocrx_word' id='word_1_113' title='bbox 1407 1220 1686 1275; x_wconf 88' lang='lat' dir='ltr'><strong>respectum</strong></span> <span class='ocrx_word' id='word_1_114' title='bbox 1721 1211 1933 1260; x_wconf 88' lang='lat' dir='ltr'><strong>inmensi</strong></span> 
     </span>
     <span class='ocr_line' id='line_1_15' title="bbox 275 1291 1978 1356; baseline -0.001 -14"><span class='ocrx_word' id='word_1_115' title='bbox 275 1292 419 1342; x_wconf 91' lang='lat' dir='ltr'><strong>huius</strong></span> <span class='ocrx_word' id='word_1_116' title='bbox 450 1292 570 1353; x_wconf 88' lang='lat' dir='ltr'><strong>aevi,</strong></span> <span class='ocrx_word' id='word_1_117' title='bbox 606 1310 842 1356; x_wconf 89' lang='lat' dir='ltr'><strong>perquam</strong></span> <span class='ocrx_word' id='word_1_118' title='bbox 877 1293 1025 1341; x_wconf 90' lang='lat' dir='ltr'><strong>breve</strong></span> <span class='ocrx_word' id='word_1_119' title='bbox 1060 1301 1108 1341; x_wconf 91' lang='lat' dir='ltr'><strong>et</strong></span> <span class='ocrx_word' id='word_1_120' title='bbox 1143 1291 1195 1340; x_wconf 93' lang='lat' dir='ltr'><strong>in</strong></span> <span class='ocrx_word' id='word_1_121' title='bbox 1229 1291 1453 1356; x_wconf 91' lang='lat' dir='ltr'><strong>proximo</strong></span> <span class='ocrx_word' id='word_1_122' title='bbox 1494 1301 1579 1341; x_wconf 90' lang='lat' dir='ltr'><strong>est.</strong></span> <span class='ocrx_word' id='word_1_123' title='bbox 1652 1309 1769 1341; x_wconf 85' lang='lat' dir='ltr'><strong>narn</strong></span> <span class='ocrx_word' id='word_1_124' title='bbox 1797 1292 1850 1352; x_wconf 91' lang='lat' dir='ltr'><strong>si,</strong></span> <span class='ocrx_word' id='word_1_125' title='bbox 1879 1301 1932 1341; x_wconf 89' lang='lat' dir='ltr'><strong>ut</strong></span> <span class='ocrx_word' id='word_1_126' title='bbox 1959 1303 1978 1346; x_wconf 87' lang='grc'>7</span> 
     </span>
     <span class='ocr_line' id='line_1_16' title="bbox 205 1372 1930 1436; baseline -0.002 -11"><span class='ocrx_word' id='word_1_127' title='bbox 205 1385 252 1426; x_wconf 88' lang='lat'><strong>15</strong></span> <span class='ocrx_word' id='word_1_128' title='bbox 277 1372 452 1423; x_wconf 91' lang='lat' dir='ltr'><strong>Cicero</strong></span> <span class='ocrx_word' id='word_1_129' title='bbox 487 1372 538 1421; x_wconf 90' lang='lat' dir='ltr'><strong>in</strong></span> <span class='ocrx_word' id='word_1_130' title='bbox 572 1373 843 1422; x_wconf 91' lang='lat' dir='ltr'><strong>Hortensio</strong></span> <span class='ocrx_word' id='word_1_131' title='bbox 879 1372 1057 1432; x_wconf 88' lang='lat' dir='ltr'><strong>scribit,</strong></span> <span class='ocrx_word' id='word_1_132' title='bbox 1084 1372 1125 1421; x_wconf 90' lang='lat' dir='ltr'><strong>is</strong></span> <span class='ocrx_word' id='word_1_133' title='bbox 1158 1381 1231 1421; x_wconf 89' lang='lat' dir='ltr'><strong>est</strong></span> <span class='ocrx_word' id='word_1_134' title='bbox 1266 1389 1471 1436; x_wconf 87' lang='lat' dir='ltr'><strong>magnus</strong></span> <span class='ocrx_word' id='word_1_135' title='bbox 1500 1381 1549 1421; x_wconf 90' lang='lat' dir='ltr'><strong>et</strong></span> <span class='ocrx_word' id='word_1_136' title='bbox 1579 1389 1721 1422; x_wconf 88' lang='lat' dir='ltr'><strong>verus</strong></span> <span class='ocrx_word' id='word_1_137' title='bbox 1756 1390 1930 1433; x_wconf 89' lang='lat' dir='ltr'><strong>annus,</strong></span> 
     </span>
     <span class='ocr_line' id='line_1_17' title="bbox 275 1452 1928 1516; baseline 0 -14"><span class='ocrx_word' id='word_1_138' title='bbox 275 1468 376 1516; x_wconf 92' lang='lat' dir='ltr'><strong>quo</strong></span> <span class='ocrx_word' id='word_1_139' title='bbox 401 1454 575 1502; x_wconf 84' lang='lat' dir='ltr'><strong>eadem</strong></span> <span class='ocrx_word' id='word_1_140' title='bbox 599 1452 778 1516; x_wconf 90' lang='lat' dir='ltr'><strong>positio</strong></span> <span class='ocrx_word' id='word_1_141' title='bbox 807 1453 930 1502; x_wconf 91' lang='lat' dir='ltr'><strong>caeli</strong></span> <span class='ocrx_word' id='word_1_142' title='bbox 963 1452 1290 1516; x_wconf 90' lang='lat' dir='ltr'><strong>siderumque,</strong></span> <span class='ocrx_word' id='word_1_143' title='bbox 1318 1469 1445 1515; x_wconf 90' lang='lat' dir='ltr'><strong>quae</strong></span> <span class='ocrx_word' id='word_1_144' title='bbox 1469 1469 1583 1501; x_wconf 90' lang='lat' dir='ltr'><strong>cum</strong></span> <span class='ocrx_word' id='word_1_145' title='bbox 1608 1452 1819 1502; x_wconf 86' lang='lat' dir='ltr'><strong>maxime</strong></span> <span class='ocrx_word' id='word_1_146' title='bbox 1843 1462 1928 1514; x_wconf 90' lang='lat' dir='ltr'><strong>est,</strong></span> 
     </span>
     <span class='ocr_line' id='line_1_18' title="bbox 275 1529 1933 1596; baseline 0.001 -14"><span class='ocrx_word' id='word_1_147' title='bbox 275 1549 466 1582; x_wconf 90' lang='lat' dir='ltr'><strong>rursum</strong></span> <span class='ocrx_word' id='word_1_148' title='bbox 490 1532 674 1593; x_wconf 91' lang='lat' dir='ltr'><strong>existet,</strong></span> <span class='ocrx_word' id='word_1_149' title='bbox 701 1533 841 1596; x_wconf 89' lang='lat' dir='ltr'><strong>isque</strong></span> <span class='ocrx_word' id='word_1_150' title='bbox 864 1550 1023 1582; x_wconf 88' lang='lat' dir='ltr'><strong>annus</strong></span> <span class='ocrx_word' id='word_1_151' title='bbox 1047 1534 1225 1581; x_wconf 93' lang='lat' dir='ltr'><strong>horum</strong></span> <span class='ocrx_word' id='word_1_152' title='bbox 1250 1549 1374 1596; x_wconf 90' lang='lat' dir='ltr'><strong>quos</strong></span> <span class='ocrx_word' id='word_1_153' title='bbox 1404 1549 1496 1582; x_wconf 92' lang='lat' dir='ltr'><strong>nos</strong></span> <span class='ocrx_word' id='word_1_154' title='bbox 1520 1550 1753 1582; x_wconf 86' lang='lat' dir='ltr'><strong>vocamus</strong></span> <span class='ocrx_word' id='word_1_155' title='bbox 1781 1529 1933 1583; x_wconf 61' lang='lat' dir='ltr'><strong>annoss</strong></span> 
     </span>
     <span class='ocr_line' id='line_1_19' title="bbox 274 1613 1933 1678; baseline 0.001 -16"><span class='ocrx_word' id='word_1_156' title='bbox 274 1630 382 1662; x_wconf 90' lang='lat' dir='ltr'><strong>rum</strong></span> <span class='ocrx_word' id='word_1_157' title='bbox 406 1613 672 1663; x_wconf 91' lang='lat' dir='ltr'><strong>duodecim</strong></span> <span class='ocrx_word' id='word_1_158' title='bbox 697 1613 830 1662; x_wconf 91' lang='lat' dir='ltr'><strong>milia</strong></span> <span class='ocrx_word' id='word_1_159' title='bbox 858 1622 1135 1678; x_wconf 90' lang='lat' dir='ltr'><strong>nongentos</strong></span> <span class='ocrx_word' id='word_1_160' title='bbox 1165 1613 1519 1676; x_wconf 86' lang='lat' dir='ltr'><strong>quinquaginta</strong></span> <span class='ocrx_word' id='word_1_161' title='bbox 1543 1623 1773 1676; x_wconf 85' lang='lat' dir='ltr'><strong>quattuor</strong></span> <span class='ocrx_word' id='word_1_162' title='bbox 1801 1631 1933 1663; x_wconf 93' lang='lat' dir='ltr'><strong>com-</strong></span> 
     </span>
     <span class='ocr_line' id='line_1_20' title="bbox 274 1693 1931 1758; baseline 0.001 -16"><span class='ocrx_word' id='word_1_163' title='bbox 274 1693 511 1757; x_wconf 89' lang='lat' dir='ltr'><strong>plectitur,</strong></span> <span class='ocrx_word' id='word_1_164' title='bbox 539 1693 711 1758; x_wconf 91' lang='lat' dir='ltr'><strong>incipit</strong></span> <span class='ocrx_word' id='word_1_165' title='bbox 737 1696 1102 1744; x_wconf 90' lang='lat' dir='ltr'><strong>Demosthenes</strong></span> <span class='ocrx_word' id='word_1_166' title='bbox 1130 1702 1300 1754; x_wconf 89' lang='lat' dir='ltr'><strong>vester,</strong></span> <span class='ocrx_word' id='word_1_167' title='bbox 1329 1711 1478 1757; x_wconf 91' lang='lat' dir='ltr'><strong>quern</strong></span> <span class='ocrx_word' id='word_1_168' title='bbox 1513 1711 1600 1743; x_wconf 92' lang='lat' dir='ltr'><strong>vos</strong></span> <span class='ocrx_word' id='word_1_169' title='bbox 1633 1703 1847 1743; x_wconf 88' lang='lat' dir='ltr'><strong>veterem</strong></span> <span class='ocrx_word' id='word_1_170' title='bbox 1883 1705 1931 1744; x_wconf 92' lang='lat' dir='ltr'><strong>et</strong></span> 
     </span>
     <span class='ocr_line' id='line_1_21' title="bbox 201 1773 1930 1838; baseline 0.002 -17"><span class='ocrx_word' id='word_1_171' title='bbox 201 1787 252 1815; x_wconf 91' lang='lat'><strong>20</strong></span> <span class='ocrx_word' id='word_1_172' title='bbox 272 1773 531 1837; x_wconf 89' lang='lat' dir='ltr'><strong>antiquum</strong></span> <span class='ocrx_word' id='word_1_173' title='bbox 572 1773 763 1838; x_wconf 88' lang='lat' dir='ltr'><strong>fingitis,</strong></span> <span class='ocrx_word' id='word_1_174' title='bbox 805 1790 907 1823; x_wconf 94' lang='lat' dir='ltr'><strong>non</strong></span> <span class='ocrx_word' id='word_1_175' title='bbox 954 1776 1115 1823; x_wconf 92' lang='lat' dir='ltr'><strong>solum</strong></span> <span class='ocrx_word' id='word_1_176' title='bbox 1156 1775 1334 1824; x_wconf 91' lang='lat' dir='ltr'><strong>eodem</strong></span> <span class='ocrx_word' id='word_1_177' title='bbox 1374 1791 1507 1824; x_wconf 93' lang='lat' dir='ltr'><strong>anno</strong></span> <span class='ocrx_word' id='word_1_178' title='bbox 1554 1791 1655 1838; x_wconf 93' lang='lat' dir='ltr'><strong>quo</strong></span> <span class='ocrx_word' id='word_1_179' title='bbox 1695 1792 1800 1836; x_wconf 90' lang='lat' dir='ltr'><strong>nos,</strong></span> <span class='ocrx_word' id='word_1_180' title='bbox 1842 1777 1930 1825; x_wconf 89' lang='lat' dir='ltr'><strong>sed</strong></span> 
     </span>
     <span class='ocr_line' id='line_1_22' title="bbox 273 1853 1100 1904; baseline 0.002 -2"><span class='ocrx_word' id='word_1_181' title='bbox 273 1853 421 1903; x_wconf 90' lang='lat' dir='ltr'><strong>etiam</strong></span> <span class='ocrx_word' id='word_1_182' title='bbox 456 1855 634 1904; x_wconf 93' lang='lat' dir='ltr'><strong>eodem</strong></span> <span class='ocrx_word' id='word_1_183' title='bbox 670 1871 840 1904; x_wconf 90' lang='lat' dir='ltr'><strong>mense</strong></span> <span class='ocrx_word' id='word_1_184' title='bbox 874 1855 1100 1904; x_wconf 88' lang='lat' dir='ltr'><strong>extitisse.</strong></span> 
     </span>
    </p>

    <p class='ocr_par' dir='ltr' id='par_1_3' title="bbox 271 1935 2003 2159">
     <span class='ocr_line' id='line_1_23' title="bbox 339 1935 2003 2000; baseline 0.001 -17"><span class='ocrx_word' id='word_1_185' title='bbox 339 1935 438 1984; x_wconf 91' lang='lat' dir='ltr'><strong>Sed</strong></span> <span class='ocrx_word' id='word_1_186' title='bbox 472 1943 667 1984; x_wconf 90' lang='lat' dir='ltr'><strong>transeo</strong></span> <span class='ocrx_word' id='word_1_187' title='bbox 701 1937 767 1985; x_wconf 87' lang='lat' dir='ltr'><strong>ad</strong></span> <span class='ocrx_word' id='word_1_188' title='bbox 803 1935 1005 1985; x_wconf 89' lang='lat' dir='ltr'><strong>Latinos</strong></span> <span class='ocrx_word' id='word_1_189' title='bbox 1041 1944 1268 1996; x_wconf 90' lang='lat' dir='ltr'><strong>oratores,</strong></span> <span class='ocrx_word' id='word_1_190' title='bbox 1307 1935 1359 1984; x_wconf 93' lang='lat' dir='ltr'><strong>in</strong></span> <span class='ocrx_word' id='word_1_191' title='bbox 1401 1936 1580 2000; x_wconf 90' lang='lat' dir='ltr'><strong>quibus</strong></span> <span class='ocrx_word' id='word_1_192' title='bbox 1618 1953 1720 1986; x_wconf 91' lang='lat' dir='ltr'><strong>non</strong></span> <span class='ocrx_word' id='word_1_193' title='bbox 1759 1940 1929 1987; x_wconf 91' lang='lat' dir='ltr'><strong>Mene-</strong></span> <span class='ocrx_word' id='word_1_194' title='bbox 1950 1948 2003 1997; x_wconf 90' lang='lat'><strong>17</strong></span> 
     </span>
     <span class='ocr_line' id='line_1_24' title="bbox 271 2013 1929 2080; baseline 0.003 -19"><span class='ocrx_word' id='word_1_195' title='bbox 271 2013 423 2075; x_wconf 90' lang='lat' dir='ltr'><strong>nium,</strong></span> <span class='ocrx_word' id='word_1_196' title='bbox 450 2023 504 2063; x_wconf 92' lang='lat' dir='ltr'><strong>ut</strong></span> <span class='ocrx_word' id='word_1_197' title='bbox 528 2023 661 2078; x_wconf 91' lang='lat' dir='ltr'><strong>puto,</strong></span> <span class='ocrx_word' id='word_1_198' title='bbox 690 2015 971 2079; x_wconf 88' lang='lat' dir='ltr'><strong>Agrippam,</strong></span> <span class='ocrx_word' id='word_1_199' title='bbox 1000 2016 1085 2079; x_wconf 91' lang='lat' dir='ltr'><strong>qui</strong></span> <span class='ocrx_word' id='word_1_200' title='bbox 1108 2025 1271 2079; x_wconf 88' lang='lat' dir='ltr'><strong>potest</strong></span> <span class='ocrx_word' id='word_1_201' title='bbox 1294 2015 1448 2065; x_wconf 89' lang='lat' dir='ltr'><strong>videri</strong></span> <span class='ocrx_word' id='word_1_202' title='bbox 1471 2017 1716 2080; x_wconf 90' lang='lat' dir='ltr'><strong>antiquus,</strong></span> <span class='ocrx_word' id='word_1_203' title='bbox 1743 2026 1929 2066; x_wconf 91' lang='lat' dir='ltr'><strong>nostro-</strong></span> 
     </span>
     <span class='ocr_line' id='line_1_25' title="bbox 272 2095 1927 2159; baseline 0.002 -16"><span class='ocrx_word' id='word_1_204' title='bbox 272 2112 382 2144; x_wconf 90' lang='lat' dir='ltr'><strong>rum</strong></span> <span class='ocrx_word' id='word_1_205' title='bbox 417 2104 696 2159; x_wconf 91' lang='lat' dir='ltr'><strong>temporum</strong></span> <span class='ocrx_word' id='word_1_206' title='bbox 731 2095 923 2145; x_wconf 89' lang='lat' dir='ltr'><strong>disertis</strong></span> <span class='ocrx_word' id='word_1_207' title='bbox 957 2105 1259 2159; x_wconf 91' lang='lat' dir='ltr'><strong>anteponere</strong></span> <span class='ocrx_word' id='word_1_208' title='bbox 1291 2096 1470 2156; x_wconf 81' lang='lat' dir='ltr'><strong>soletiS,</strong></span> <span class='ocrx_word' id='word_1_209' title='bbox 1510 2098 1598 2146; x_wconf 91' lang='lat' dir='ltr'><strong>sed</strong></span> <span class='ocrx_word' id='word_1_210' title='bbox 1635 2097 1927 2147; x_wconf 90' lang='lat' dir='ltr'><strong>Ciceronem</strong></span> 
     </span>
    </p>

    <p class='ocr_par' dir='ltr' id='par_1_4' title="bbox 153 2175 1971 2566">
     <span class='ocr_line' id='line_1_26' title="bbox 153 2175 1928 2242; baseline 0.002 -19"><span class='ocrx_word' id='word_1_211' title='bbox 153 2240 155 2242; x_wconf 10' lang='lat' dir='ltr'><strong>q</strong></span> <span class='ocrx_word' id='word_1_212' title='bbox 200 2189 248 2230; x_wconf 85' lang='lat'><strong>25</strong></span> <span class='ocrx_word' id='word_1_213' title='bbox 273 2183 322 2223; x_wconf 90' lang='lat' dir='ltr'><strong>et</strong></span> <span class='ocrx_word' id='word_1_214' title='bbox 346 2175 607 2225; x_wconf 90' lang='lat' dir='ltr'><strong>Caesarem</strong></span> <span class='ocrx_word' id='word_1_215' title='bbox 632 2184 680 2225; x_wconf 93' lang='lat' dir='ltr'><strong>et</strong></span> <span class='ocrx_word' id='word_1_216' title='bbox 705 2176 929 2226; x_wconf 87' lang='lat' dir='ltr'><strong>Caelium</strong></span> <span class='ocrx_word' id='word_1_217' title='bbox 954 2185 1003 2225; x_wconf 89' lang='lat' dir='ltr'><strong>et</strong></span> <span class='ocrx_word' id='word_1_218' title='bbox 1028 2177 1236 2226; x_wconf 90' lang='lat' dir='ltr'><strong>Calvum</strong></span> <span class='ocrx_word' id='word_1_219' title='bbox 1256 2185 1304 2225; x_wconf 91' lang='lat' dir='ltr'><strong>et</strong></span> <span class='ocrx_word' id='word_1_220' title='bbox 1324 2179 1531 2225; x_wconf 89' lang='lat' dir='ltr'><strong>Brutum</strong></span> <span class='ocrx_word' id='word_1_221' title='bbox 1556 2186 1603 2225; x_wconf 91' lang='lat' dir='ltr'><strong>et</strong></span> <span class='ocrx_word' id='word_1_222' title='bbox 1628 2177 1855 2226; x_wconf 91' lang='lat' dir='ltr'><strong>Asinium</strong></span> <span class='ocrx_word' id='word_1_223' title='bbox 1881 2188 1928 2227; x_wconf 90' lang='lat' dir='ltr'><strong>et</strong></span> 
     </span>
     <span class='ocr_line' id='line_1_27' title="bbox 274 2256 1926 2319; baseline 0.002 -16"><span class='ocrx_word' id='word_1_224' title='bbox 274 2257 557 2304; x_wconf 89' lang='lat' dir='ltr'><strong>Messallam</strong></span> <span class='ocrx_word' id='word_1_225' title='bbox 577 2275 586 2305; x_wconf 75' lang='grc' dir='ltr'>ε</span> <span class='ocrx_word' id='word_1_226' title='bbox 623 2273 748 2319; x_wconf 91' lang='lat' dir='ltr'><strong>quos</strong></span> <span class='ocrx_word' id='word_1_227' title='bbox 764 2256 884 2319; x_wconf 93' lang='lat' dir='ltr'><strong>quid</strong></span> <span class='ocrx_word' id='word_1_228' title='bbox 898 2256 1111 2319; x_wconf 90' lang='lat' dir='ltr'><strong>antiquis</strong></span> <span class='ocrx_word' id='word_1_229' title='bbox 1131 2256 1294 2319; x_wconf 87' lang='lat' dir='ltr'><strong>potius</strong></span> <span class='ocrx_word' id='word_1_230' title='bbox 1313 2256 1617 2319; x_wconf 90' lang='lat' dir='ltr'><strong>temporibus</strong></span> <span class='ocrx_word' id='word_1_231' title='bbox 1640 2257 1926 2306; x_wconf 91' lang='lat' dir='ltr'><strong>adscribatis</strong></span> 
     </span>
     <span class='ocr_line' id='line_1_28' title="bbox 270 2335 1971 2400; baseline 0.001 -16"><span class='ocrx_word' id='word_1_232' title='bbox 270 2351 422 2398; x_wconf 90' lang='lat' dir='ltr'><strong>quam</strong></span> <span class='ocrx_word' id='word_1_233' title='bbox 445 2335 637 2396; x_wconf 90' lang='lat' dir='ltr'><strong>nostris,</strong></span> <span class='ocrx_word' id='word_1_234' title='bbox 666 2353 768 2386; x_wconf 93' lang='lat' dir='ltr'><strong>non</strong></span> <span class='ocrx_word' id='word_1_235' title='bbox 792 2337 950 2386; x_wconf 90' lang='lat' dir='ltr'><strong>video.</strong></span> <span class='ocrx_word' id='word_1_236' title='bbox 1023 2354 1139 2385; x_wconf 93' lang='lat' dir='ltr'><strong>nam</strong></span> <span class='ocrx_word' id='word_1_237' title='bbox 1164 2346 1217 2386; x_wconf 93' lang='lat' dir='ltr'><strong>ut</strong></span> <span class='ocrx_word' id='word_1_238' title='bbox 1253 2338 1317 2386; x_wconf 93' lang='lat' dir='ltr'><strong>de</strong></span> <span class='ocrx_word' id='word_1_239' title='bbox 1342 2336 1583 2386; x_wconf 90' lang='lat' dir='ltr'><strong>Cicerone</strong></span> <span class='ocrx_word' id='word_1_240' title='bbox 1607 2336 1715 2400; x_wconf 91' lang='lat' dir='ltr'><strong>ipso</strong></span> <span class='ocrx_word' id='word_1_241' title='bbox 1738 2339 1922 2400; x_wconf 90' lang='lat' dir='ltr'><strong>loquar,</strong></span> <span class='ocrx_word' id='word_1_242' title='bbox 1952 2359 1971 2385; x_wconf 89' lang='lat'><strong>2</strong></span> 
     </span>
     <span class='ocr_line' id='line_1_29' title="bbox 271 2408 1925 2479; baseline 0.002 -17"><span class='ocrx_word' id='word_1_243' title='bbox 271 2408 439 2463; x_wconf 91' lang='lat' dir='ltr'><strong>Hirtio</strong></span> <span class='ocrx_word' id='word_1_244' title='bbox 478 2432 659 2479; x_wconf 90' lang='lat' dir='ltr'><strong>nempe</strong></span> <span class='ocrx_word' id='word_1_245' title='bbox 699 2424 748 2465; x_wconf 90' lang='lat' dir='ltr'><strong>et</strong></span> <span class='ocrx_word' id='word_1_246' title='bbox 789 2418 949 2465; x_wconf 88' lang='lat' dir='ltr'><strong>Pansa</strong></span> <span class='ocrx_word' id='word_1_247' title='bbox 989 2417 1287 2476; x_wconf 91' lang='lat' dir='ltr'><strong>consulibus,</strong></span> <span class='ocrx_word' id='word_1_248' title='bbox 1329 2425 1383 2465; x_wconf 93' lang='lat' dir='ltr'><strong>ut</strong></span> <span class='ocrx_word' id='word_1_249' title='bbox 1423 2415 1542 2465; x_wconf 94' lang='lat' dir='ltr'><strong>Tiro</strong></span> <span class='ocrx_word' id='word_1_250' title='bbox 1582 2416 1784 2465; x_wconf 90' lang='lat' dir='ltr'><strong>libertus</strong></span> <span class='ocrx_word' id='word_1_251' title='bbox 1822 2417 1925 2466; x_wconf 92' lang='lat' dir='ltr'><strong>eius</strong></span> 
     </span>
     <span class='ocr_line' id='line_1_30' title="bbox 269 2494 1924 2566; baseline 0.002 -24"><span class='ocrx_word' id='word_1_252' title='bbox 269 2494 448 2566; x_wconf 87' lang='lat' dir='ltr'><strong>scribit,</strong></span> <span class='ocrx_word' id='word_1_253' title='bbox 476 2495 687 2559; x_wconf 89' lang='lat' dir='ltr'><strong>septimo</strong></span> <span class='ocrx_word' id='word_1_254' title='bbox 718 2495 829 2545; x_wconf 92' lang='lat' dir='ltr'><strong>idus</strong></span> <span class='ocrx_word' id='word_1_255' title='bbox 853 2498 1126 2546; x_wconf 78' lang='lat' dir='ltr'><strong>Decembris</strong></span> <span class='ocrx_word' id='word_1_256' title='bbox 1149 2497 1340 2546; x_wconf 91' lang='lat' dir='ltr'><strong>occisus</strong></span> <span class='ocrx_word' id='word_1_257' title='bbox 1373 2506 1458 2556; x_wconf 91' lang='lat' dir='ltr'><strong>est,</strong></span> <span class='ocrx_word' id='word_1_258' title='bbox 1488 2513 1588 2560; x_wconf 94' lang='lat' dir='ltr'><strong>quo</strong></span> <span class='ocrx_word' id='word_1_259' title='bbox 1619 2495 1751 2545; x_wconf 88' lang='lat' dir='ltr'><strong>anno</strong></span> <span class='ocrx_word' id='word_1_260' title='bbox 1783 2497 1924 2546; x_wconf 89' lang='lat' dir='ltr'><strong>divus</strong></span> 
     </span>
    </p>

    <p class='ocr_par' dir='ltr' id='par_1_5' title="bbox 198 2575 1971 2721">
     <span class='ocr_line' id='line_1_31' title="bbox 198 2575 1926 2638; baseline 0 -12"><span class='ocrx_word' id='word_1_261' title='bbox 198 2587 250 2626; x_wconf 80' lang='lat'><strong>30</strong></span> <span class='ocrx_word' id='word_1_262' title='bbox 269 2575 520 2637; x_wconf 84' lang='lat' dir='ltr'><strong>Augustus</strong></span> <span class='ocrx_word' id='word_1_263' title='bbox 552 2575 603 2623; x_wconf 92' lang='lat' dir='ltr'><strong>in</strong></span> <span class='ocrx_word' id='word_1_264' title='bbox 631 2578 797 2625; x_wconf 91' lang='lat' dir='ltr'><strong>locum</strong></span> <span class='ocrx_word' id='word_1_265' title='bbox 834 2579 1023 2626; x_wconf 88' lang='lat' dir='ltr'><strong>Pansae</strong></span> <span class='ocrx_word' id='word_1_266' title='bbox 1054 2586 1102 2625; x_wconf 93' lang='lat' dir='ltr'><strong>et</strong></span> <span class='ocrx_word' id='word_1_267' title='bbox 1140 2577 1289 2625; x_wconf 94' lang='lat' dir='ltr'><strong>Hirtii</strong></span> <span class='ocrx_word' id='word_1_268' title='bbox 1321 2593 1373 2626; x_wconf 91' lang='lat' dir='ltr'><strong>se</strong></span> <span class='ocrx_word' id='word_1_269' title='bbox 1405 2586 1453 2626; x_wconf 92' lang='lat' dir='ltr'><strong>et</strong></span> <span class='ocrx_word' id='word_1_270' title='bbox 1484 2578 1545 2638; x_wconf 88' lang='lat' dir='ltr'><strong>Q.</strong></span> <span class='ocrx_word' id='word_1_271' title='bbox 1575 2577 1783 2626; x_wconf 90' lang='lat' dir='ltr'><strong>Pedium</strong></span> <span class='ocrx_word' id='word_1_272' title='bbox 1812 2594 1926 2626; x_wconf 93' lang='lat' dir='ltr'><strong>con-</strong></span> 
     </span>
     <span class='ocr_line' id='line_1_32' title="bbox 269 2654 1971 2721; baseline 0.004 -21"><span class='ocrx_word' id='word_1_273' title='bbox 269 2654 398 2702; x_wconf 86' lang='lat' dir='ltr'><strong>sules</strong></span> <span class='ocrx_word' id='word_1_274' title='bbox 444 2654 646 2704; x_wconf 87' lang='lat' dir='ltr'><strong>suffecit.</strong></span> <span class='ocrx_word' id='word_1_275' title='bbox 718 2665 876 2705; x_wconf 90' lang='lat' dir='ltr'><strong>statue</strong></span> <span class='ocrx_word' id='word_1_276' title='bbox 917 2673 1002 2705; x_wconf 90' lang='lat' dir='ltr'><strong>sex</strong></span> <span class='ocrx_word' id='word_1_277' title='bbox 1047 2665 1095 2705; x_wconf 89' lang='lat' dir='ltr'><strong>et</strong></span> <span class='ocrx_word' id='word_1_278' title='bbox 1135 2656 1488 2721; x_wconf 87' lang='lat' dir='ltr'><strong>quinquaginta</strong></span> <span class='ocrx_word' id='word_1_279' title='bbox 1532 2673 1703 2718; x_wconf 93' lang='lat' dir='ltr'><strong>annos,</strong></span> <span class='ocrx_word' id='word_1_280' title='bbox 1745 2657 1923 2720; x_wconf 91' lang='lat' dir='ltr'><strong>quibus</strong></span> <span class='ocrx_word' id='word_1_281' title='bbox 1949 2671 1971 2709; x_wconf 82' lang='lat'>3</span> 
     </span>
    </p>
   </div>
   <div class='ocr_carea' id='block_1_3' title="bbox 271 2783 1923 2941">
    <p class='ocr_par' dir='ltr' id='par_1_6' title="bbox 271 2783 1923 2941">
     <span class='ocr_line' id='line_1_33' title="bbox 327 2783 1923 2835; baseline 0.001 -15"><span class='ocrx_word' id='word_1_282' title='bbox 327 2793 378 2820; x_wconf 87' lang='lat'><strong>10</strong></span> <span class='ocrx_word' id='word_1_283' title='bbox 410 2783 742 2834; x_wconf 85' lang='lat' dir='ltr'><strong>quadringentos</strong></span> <span class='ocrx_word' id='word_1_284' title='bbox 775 2785 888 2835; x_wconf 76' lang='lat' dir='ltr'><strong>Lips.</strong></span> <span class='ocrx_word' id='word_1_285' title='bbox 1086 2785 1135 2823; x_wconf 88' lang='lat'><strong>18</strong></span> <span class='ocrx_word' id='word_1_286' title='bbox 1166 2790 1406 2834; x_wconf 86' lang='lat' dir='ltr'><strong>nongentos</strong></span> <span class='ocrx_word' id='word_1_287' title='bbox 1439 2785 1522 2823; x_wconf 81' lang='lat' dir='ltr'><strong>Nic.</strong></span> <span class='ocrx_word' id='word_1_288' title='bbox 1559 2785 1755 2824; x_wconf 78' lang='lat' dir='ltr'><strong>Loensis:</strong></span> <span class='ocrx_word' id='word_1_289' title='bbox 1795 2786 1923 2824; x_wconf 88' lang='lat' dir='ltr'><strong>octin-</strong></span> 
     </span>
     <span class='ocr_line' id='line_1_34' title="bbox 271 2836 1922 2890; baseline 0.004 -18"><span class='ocrx_word' id='word_1_290' title='bbox 271 2841 422 2883; x_wconf 86' lang='lat' dir='ltr'><strong>gentos</strong></span> <span class='ocrx_word' id='word_1_291' title='bbox 442 2836 575 2886; x_wconf 89' lang='lat' dir='ltr'><strong>(sept-</strong></span> <span class='ocrx_word' id='word_1_292' title='bbox 592 2837 659 2889; x_wconf 85' lang='lat' dir='ltr'><strong>A)</strong></span> <span class='ocrx_word' id='word_1_293' title='bbox 679 2837 789 2878; x_wconf 89' lang='lat' dir='ltr'><strong>codd.</strong></span> <span class='ocrx_word' id='word_1_294' title='bbox 913 2849 964 2876; x_wconf 85' lang='lat'><strong>21</strong></span> <span class='ocrx_word' id='word_1_295' title='bbox 994 2838 1120 2876; x_wconf 87' lang='lat' dir='ltr'><strong>etiarn</strong></span> <span class='ocrx_word' id='word_1_296' title='bbox 1142 2837 1367 2876; x_wconf 77' lang='lat' dir='ltr'><strong>Michaelis:</strong></span> <span class='ocrx_word' id='word_1_297' title='bbox 1404 2838 1514 2877; x_wconf 85' lang='lat' dir='ltr'><strong>fama</strong></span> <span class='ocrx_word' id='word_1_298' title='bbox 1538 2839 1645 2890; x_wconf 85' lang='lat' dir='ltr'><strong>(fere</strong></span> <span class='ocrx_word' id='word_1_299' title='bbox 1665 2838 1788 2889; x_wconf 79' lang='lat' dir='ltr'><em>B²H)</em></span> <span class='ocrx_word' id='word_1_300' title='bbox 1812 2839 1922 2878; x_wconf 87' lang='lat' dir='ltr'><strong>codd.</strong></span> 
     </span>
     <span class='ocr_line' id='line_1_35' title="bbox 271 2888 1920 2941; baseline 0.004 -16"><span class='ocrx_word' id='word_1_301' title='bbox 271 2900 323 2935; x_wconf 90' lang='lat'><strong>24</strong></span> <span class='ocrx_word' id='word_1_302' title='bbox 352 2888 502 2928; x_wconf 89' lang='lat' dir='ltr'><strong>voletis</strong></span> <span class='ocrx_word' id='word_1_303' title='bbox 532 2892 629 2931; x_wconf 87' lang='lat' dir='ltr'><strong>com&#39;.</strong></span> <span class='ocrx_word' id='word_1_304' title='bbox 664 2891 826 2930; x_wconf 75' lang='lat' dir='ltr'><strong>Kleiber</strong></span> <span class='ocrx_word' id='word_1_305' title='bbox 985 2904 1036 2941; x_wconf 84' lang='lat'><strong>25</strong></span> <span class='ocrx_word' id='word_1_306' title='bbox 1068 2892 1258 2930; x_wconf 90' lang='lat' dir='ltr'><strong>Coelium</strong></span> <span class='ocrx_word' id='word_1_307' title='bbox 1289 2891 1351 2930; x_wconf 88' lang='lat' dir='ltr'><strong>B:</strong></span> <span class='ocrx_word' id='word_1_308' title='bbox 1395 2892 1555 2930; x_wconf 89' lang='lat' dir='ltr'><strong>Calium</strong></span> <span class='ocrx_word' id='word_1_309' title='bbox 1575 2892 1639 2931; x_wconf 90' lang='lat' dir='ltr'><strong>E:</strong></span> <span class='ocrx_word' id='word_1_310' title='bbox 1682 2892 1809 2931; x_wconf 87' lang='lat' dir='ltr'><strong>alium</strong></span> <span class='ocrx_word' id='word_1_311' title='bbox 1840 2896 1920 2932; x_wconf 79' lang='lat' dir='ltr'><strong>cett.</strong></span> 
     </span>
    </p>
   </div>
   <div class='ocr_carea' id='block_1_4' title="bbox 271 2941 1790 3055">
    <p class='ocr_par' dir='ltr' id='par_1_7' title="bbox 271 2941 1790 3055">
     <span class='ocr_line' id='line_1_36' title="bbox 271 2941 1587 2996; baseline 0.005 -18"><span class='ocrx_word' id='word_1_312' title='bbox 271 2953 327 2988; x_wconf 82' lang='lat'><strong>29</strong></span> <span class='ocrx_word' id='word_1_313' title='bbox 354 2941 600 2982; x_wconf 86' lang='lat' dir='ltr'><strong>Decembris</strong></span> <span class='ocrx_word' id='word_1_314' title='bbox 620 2944 713 2985; x_wconf 90' lang='lat' dir='ltr'><strong>add.</strong></span> <span class='ocrx_word' id='word_1_315' title='bbox 734 2946 846 2994; x_wconf 60' lang='lat' dir='ltr'><strong>chs.</strong></span> <span class='ocrx_word' id='word_1_316' title='bbox 958 2958 1007 2993; x_wconf 86' lang='lat'><strong>31</strong></span> <span class='ocrx_word' id='word_1_317' title='bbox 1040 2958 1117 2984; x_wconf 86' lang='lat' dir='ltr'><strong>sex</strong></span> <span class='ocrx_word' id='word_1_318' title='bbox 1136 2945 1244 2996; x_wconf 75' lang='lat' dir='ltr'><strong>LipS.</strong></span> <span class='ocrx_word' id='word_1_319' title='bbox 1266 2959 1274 2984; x_wconf 73' lang='grc' dir='ltr'>ε</span> <span class='ocrx_word' id='word_1_320' title='bbox 1306 2958 1462 2985; x_wconf 88' lang='lat' dir='ltr'><strong>nouem</strong></span> <span class='ocrx_word' id='word_1_321' title='bbox 1481 2945 1587 2985; x_wconf 87' lang='lat' dir='ltr'><strong>codd.</strong></span> 
     </span>
     <span class='ocr_line' id='line_1_37' title="bbox 1742 3015 1790 3055; baseline 0 -13"><span class='ocrx_word' id='word_1_322' title='bbox 1742 3015 1790 3055; x_wconf 80' lang='lat'><strong>7*</strong></span> 
     </span>
    </p>
   </div>
  </div>
 </body>
</html>
