2138 3470
936 174 1300 223 AGRICOLA

291 314 493 379 strepitu
533 330 592 364 ac
632 313 855 363 discursu
895 313 1189 377 complebat.
1271 322 1378 362 tum
1419 312 1648 376 Agricola
1689 322 1951 377 superante
1976 332 2002 370 4

290 395 507 446 hostium
544 393 860 444 multitudine
897 393 1088 454 verituS‚
1116 411 1180 443 ne
1214 393 1266 442 in
1301 395 1513 443 frontem
1542 393 1688 443 simul
1720 403 1769 444 et
1800 396 1950 444 latera
1983 420 1987 423 -

289 492 490 526 suorum
514 483 822 540 pugnaretur,
841 473 1055 525 diductis
1074 473 1344 535 ordinibuS,
1362 491 1665 538 quamquam
1684 475 1951 539 porrectior

287 557 419 607 acies
453 558 615 606 futura
649 564 751 606 erat
786 565 836 605 et
869 556 1187 605 arcessendas
1219 554 1440 619 plerique
1468 555 1686 620 legiones
1714 557 1950 605 admone-

239 657 262 697 5
287 638 420 698 bant,
455 636 728 702 promptior
761 636 813 685 in
848 653 987 701 spem
1022 645 1072 686 et
1105 638 1273 685 firmus
1307 636 1536 697 adversiS,
1575 636 1782 686 dimisso
1818 653 1948 700 equo

287 720 440 782 pedes
474 727 590 767 ante
623 717 797 767 vexilla
831 717 1060 766 constitit.

354 802 431 847 Ac
470 798 630 862 primo
670 814 933 862 congressu
974 797 1166 848 eminus
1201 799 1477 863 certabatur
1492 817 1508 860 ;
1552 798 1798 862 simulque
1833 815 1947 848 con·
1971 800 2040 857 36

287 879 477 939 stantia,
518 879 664 928 simul
699 887 802 928 arte
838 878 1059 927 Britanni
1092 879 1372 943 ingentibus
1412 879 1586 943 gladiis
1626 889 1676 929 et
1716 879 1947 929 brevibus

287 959 460 1009 caetris
507 959 707 1008 missilia
753 968 1031 1030 nostrorum
1071 959 1222 1009 vitare
1262 962 1339 1009 vel
1380 970 1619 1021 excutere,
1664 970 1814 1024 atque
1854 961 1947 1025 ipsi

215 1061 265 1090 10
287 1057 516 1105 magnam
551 1040 651 1089 vim
686 1042 895 1089 telorum
936 1042 1300 1103 superfundere,
1340 1042 1501 1090 donec
1536 1041 1766 1105 Agricola
1806 1044 1949 1091 Bata-

286 1137 459 1170 vorum
495 1121 710 1170 cohortis
742 1137 801 1170 ac
825 1123 1137 1185 Tungrorum
1170 1123 1293 1170 duas
1326 1123 1610 1171 cohortatus
1643 1131 1729 1182 est,
1756 1131 1812 1171 ut
1843 1139 1947 1172 rem

284 1203 351 1251 ad
376 1218 635 1251 mucrones
659 1218 718 1251 ac
742 1218 917 1251 manus
945 1203 1250 1252 adducerent
1269 1220 1284 1264 3
1319 1204 1456 1266 quod
1488 1211 1537 1252 et
1564 1202 1682 1266 ipsis
1704 1212 1947 1252 vetustate

286 1282 488 1333 militiae
528 1283 844 1333 exercitatum
885 1291 934 1333 et
974 1283 1198 1333 hostibus
1244 1283 1474 1344 inhabile,
1519 1300 1667 1348 parva
1712 1293 1852 1334 scuta
1898 1293 1947 1334 et

288 1364 502 1414 enormis
535 1364 724 1429 gladios
759 1364 1074 1429 gerentibus3
1118 1382 1235 1414 nam
1274 1365 1622 1415 Britannorum
1657 1366 1806 1430 gladii
1842 1366 1947 1416 sine

217 1467 265 1507 15
289 1461 526 1495 mucrone
549 1447 861 1509 complexum
884 1461 1131 1495 armorum
1150 1455 1199 1495 et
1216 1445 1267 1495 in
1285 1456 1391 1514 arto
1410 1463 1627 1511 pugnam
1650 1464 1754 1496 non
1776 1450 1948 1497 tolera—

286 1526 420 1575 bant.
491 1525 637 1589 igitur
663 1534 718 1575 ut
742 1526 914 1575 Batavi
946 1526 1149 1576 miscere
1166 1502 1487 1587 ,jetussflerire
1517 1527 1833 1589 umbonibuS,
1860 1545 1946 1578 ora
1972 1549 1993 1576 2

284 1608 466 1667 fodere,
498 1615 548 1656 et
583 1606 741 1656 stratis
777 1606 863 1671 qui
896 1606 948 1656 in
982 1624 1144 1671 aequo
1177 1608 1477 1669 adstiterant,
1515 1609 1695 1672 erigere
1726 1609 1778 1658 in
1806 1609 1944 1659 collis

282 1686 442 1737 aciem
470 1704 690 1751 coepere,
726 1696 916 1738 ceterae
944 1690 1171 1738 cohortes
1202 1689 1532 1752 aemulatione
1567 1698 1616 1739 et
1647 1681 1835 1754 imp‘etu
1866 1707 1945 1740 co-

284 1768 421 1818 nisae
443 1768 691 1833 proximos
715 1784 940 1833 quosque
965 1771 1170 1820 caedere
1192 1789 1201 1819 :
1237 1786 1297 1820 ac
1320 1771 1540 1835 plerique
1564 1771 1835 1821 semineces
1858 1781 1944 1821 aut

212 1871 262 1900 20
283 1848 457 1914 integri
474 1849 787 1900 festinatione
805 1850 1035 1900 victoriae
1053 1850 1465 1915 relinquebantur.
1507 1852 1701 1902 interim
1721 1852 1941 1916 equitum
1969 1868 1991 1907 3

282 1938 484 1991 turmae,
521 1937 579 1979 ut
611 1933 777 1996 fugere
805 1931 1085 1993 covinnarii,
1121 1931 1345 1996 peditum
1381 1949 1434 1982 se
1468 1932 1655 1997 proelio
1688 1932 1939 1982 miscuere.

281 2020 332 2060 et
369 2027 670 2076 quamquam
710 2021 959 2062 recentem
994 2021 1226 2063 terrorem
1262 2012 1538 2074 intulerant,
1574 2013 1740 2063 densis
1776 2023 1942 2063 tamen

282 2091 498 2162 hostium
533 2091 811 2156 agminibus
847 2101 896 2143 et
930 2092 1270 2157 inaequalibus
1306 2093 1426 2143 locis
1462 2095 1764 2155 haerebant3
1804 2094 1943 2143 mini-

282 2189 462 2236 meque
497 2173 734 2237 equestris
769 2173 815 2223 ei
849 2190 1044 2239 pugnae
1078 2174 1227 2223 facies
1263 2183 1376 2235 erat,
1409 2178 1524 2223 cur‘n
1561 2179 1705 2238 †egra
1736 2173 1822 2223 diu
1857 2184 1942 2224 aut

211 2276 258 2316 ²5
283 2261 442 2303 stante
477 2253 622 2304 simul
658 2271 898 2318 equorum
933 2253 1224 2319 corporibus
1259 2254 1654 2319 impellerentur3
1699 2271 1758 2303 ac
1794 2271 1941 2318 saepe

280 2333 390 2398 vagi
407 2349 587 2395 curruS,
607 2334 817 2384 exterriti
836 2335 942 2385 sine
959 2335 1228 2385 rectoribus
1248 2335 1375 2399 equi,
1395 2344 1449 2384 ut
1464 2351 1712 2399 quemque
1727 2334 1939 2384 formido

280 2416 467 2476 tulerat,
495 2424 793 2466 transversos
816 2425 901 2465 aut
925 2416 1097 2466 obvios
1122 2416 1448 2466 incursabant.

349 2497 413 2545 Et
442 2495 675 2558 Britanni,
703 2496 790 2561 qui
823 2498 988 2547 adhuc
1022 2513 1217 2561 pugnae
1252 2505 1472 2561 expertes
1508 2513 1701 2546 summa
1735 2496 1935 2546 collium
1962 2501 2024 2551 37

280 2574 559 2627 insederant
599 2586 648 2627 et
688 2576 985 2642 paucitatem
1020 2587 1298 2628 nostrorum
1335 2578 1476 2627 vacui
1513 2579 1821 2642 spernebant,
1856 2580 1936 2627 de-

335 2717 361 2743 2
389 2705 432 2743 in
451 2700 633 2745 Frohlaeh
651 2719 661 2745 z
691 2705 814 2746 simul
835 2706 876 2745 in
898 2704 1006 2746 codd.
1125 2717 1177 2745 10
1195 2705 1453 2746 Vatauorum
1473 2706 1518 2745 Γι
1632 2719 1680 2756 13
1709 2719 1837 2757 parva
1857 2736 1868 2746 .
1891 2736 1901 2746 .
1923 2736 1934 2746 .

281 2759 526 2807 gerentibus
553 2759 638 2802 secl.
669 2759 790 2800 Wex:
832 2773 926 2799 narn
959 2789 968 2799 .
992 2789 1002 2799 .
1026 2789 1034 2799 .
1067 2759 1303 2799 tolerabant
1331 2760 1477 2800 Haase
1590 2773 1638 2811 15
1668 2762 1712 2799 in
1744 2767 1836 2800 arto
1865 2761 1933 2799 Fr.

281 2809 468 2851 Medias:
497 2814 541 2852 in
561 2820 710 2865 aperto
729 2813 840 2853 codd.
989 2826 1035 2863 17
1067 2813 1213 2853 fodere
1237 2813 1407 2853 Gesner:
1438 2814 1610 2854 foedare
1630 2814 1740 2854 codd.
1793 2816 1936 2853 stratis

282 2863 466 2905 Ernesti:
497 2868 615 2907 tratis
636 2867 743 2909 codd.
765 2881 774 2906 :
809 2867 954 2908 tractis
973 2867 1073 2907 Put.
1202 2880 1250 2906 21
1283 2874 1329 2907 ut
1356 2867 1452 2908 add.
1477 2867 1733 2908 Doederlein:
1765 2869 1836 2907 ubi
1860 2869 1938 2920 (vel

282 2917 432 2968 sugere
460 2921 596 2975 enim)
631 2920 730 2961 Wex
842 2921 1107 2961 conuinnarii
1137 2925 1166 2959 Γ
1321 2935 1373 2972 24
1404 2923 1613 2972 equestris
1634 2923 1672 2962 ei
1692 2922 1932 2962 Andresen:

283 2979 500 3021 equestres
517 2988 527 3023 ;
555 2988 605 3014 ea
619 2976 679 3027 (ei
692 2975 756 3025 1¹²)
773 2975 884 3014 enim
906 2974 1036 3016 codd.:
1067 2987 1202 3024 aequa
1222 2977 1380 3015 nostris
1400 2976 1481 3015 iam
1498 2976 1699 3026 Anquetil
1805 2988 1933 3025 aegre

284 3025 355 3064 diu
376 3031 539 3067 stantes
559 3028 737 3068 Brotier:
768 3042 897 3079 aegre
916 3029 1024 3068 clivo
1045 3029 1250 3068 instantes
1271 3028 1530 3069 schoemann

336 3090 425 3118 rac.
446 3091 550 3120 Aca.
1798 3084 1825 3121 5
