2138 3470
589 148 947 199 DIALOGUS
984 150 1080 198 DE
1117 149 1574 200 ORATORIBUS

252 289 340 338 sed
379 295 545 338 tamen
582 287 809 350 frequens
850 286 1021 341 †sicut
1061 286 1137 335 his
1175 288 1250 336 cla
1286 325 1296 336 .
1333 325 1342 337 .
1383 325 1392 337 .
1432 295 1482 336 et
1518 287 1817 349 exclamatiO,
1856 298 1909 338 ut

252 376 466 418 oratores
490 367 643 417 nostri
666 375 833 416 tenere
856 366 1034 428 dicere,
1061 366 1322 416 histriones
1346 366 1526 417 diserte
1549 369 1722 417 saltare
1746 368 1910 418 dican-

251 455 340 496 tur.
401 445 633 511 equidem
651 462 754 496 non
772 446 1052 511 negaverim
1071 446 1300 497 Cassium
1316 449 1562 508 Severum,
1581 464 1730 511 quem
1749 450 1908 497 solum
1932 464 1957 502 4

250 531 385 593 Aper
407 538 573 578 noster
595 529 851 578 nominare
873 545 1021 578 ausus
1041 537 1127 589 est,
1146 529 1187 577 si
1211 528 1269 577 iis
1288 537 1610 592 comparetur,
1629 529 1714 592 qui
1737 538 1910 593 postea

205 623 228 663 5
250 611 457 670 fuerunt,
489 625 635 674 posse
670 618 914 659 oratorem
941 608 1118 669 vocari,
1147 625 1449 672 quamquam
1481 608 1532 657 in
1565 626 1741 673 magna
1772 618 1908 673 parte

249 689 484 738 librorum
508 706 709 738 suorum
732 691 842 753 plus
866 688 978 738 bilis
1002 689 1183 738 habeat
1212 705 1362 752 quam
1391 688 1650 753 sanguinis.
1724 688 1907 752 primus
1932 700 1953 739 5

249 769 383 818 enim
419 778 706 833 contempto
738 769 911 818 ordine
942 786 1117 831 rerum,
1145 768 1328 818 omissa
1360 769 1601 819 modestia
1629 786 1687 819 ac
1719 771 1908 834 pudore

249 850 522 909 verborum,
550 850 667 914 ipsis
703 850 851 899 etiam
887 850 1066 914 quibus
1102 850 1252 899 utitur
1286 850 1432 899 armis
1470 850 1823 914 incompositus
1859 860 1908 900 et

250 930 414 980 studio
438 930 643 980 feriendi
666 932 956 994 plerumque
980 930 1214 991 deiectus,
1242 947 1344 979 non
1368 940 1565 995 pugnat,
1593 932 1682 980 sed
1713 931 1902 981 rixatur.

179 1027 230 1056 10
250 1019 478 1071 ceterum,
506 1019 560 1060 ut
584 1010 696 1071 dixi,
725 1011 1045 1075 sequentibus
1075 1020 1386 1075 comparatus
1418 1020 1467 1060 et
1490 1011 1720 1061 varietate
1752 1012 1908 1061 erudi-
1929 1013 1954 1053 6

248 1090 394 1139 tionis
419 1099 467 1140 et
490 1093 657 1154 lepore
680 1091 968 1143 urbanitatis
993 1101 1042 1140 et
1066 1091 1280 1154 ipsarum
1299 1091 1472 1141 virium
1496 1092 1672 1141 robore
1695 1094 1906 1141 multum

247 1180 435 1220 ceteros
471 1181 679 1235 superat,
707 1188 919 1235 quorum
954 1171 1207 1222 neminem
1239 1174 1373 1236 Aper
1407 1172 1662 1222 nominare
1693 1181 1742 1222 et
1773 1175 1907 1222 velut

247 1250 299 1300 in
322 1252 480 1301 aciem
505 1253 716 1301 educere
739 1251 981 1301 sustinuit.
1055 1269 1146 1316 ego
1175 1261 1341 1302 autem
1370 1253 1728 1316 exspectabam,
1756 1261 1811 1302 ut
1838 1253 1907 1302 in·
1932 1272 1952 1314 7

247 1342 418 1381 cusato
442 1332 617 1381 Asinio
646 1341 695 1382 et
720 1333 892 1382 Caelio
921 1342 970 1382 et
994 1333 1150 1383 Calvo
1181 1333 1316 1382 aliud
1347 1332 1492 1382 nobis
1523 1349 1701 1397 agmen
1729 1335 1907 1397 produ-

177 1428 222 1469 15
247 1421 389 1472 ceret‚
411 1412 662 1476 plurisque
679 1414 756 1462 vel
781 1421 911 1461 certe
935 1412 1143 1462 totidem
1167 1412 1455 1473 nominaret,
1474 1430 1534 1462 ex
1551 1412 1730 1476 quibus
1754 1414 1906 1463 alium

247 1492 488 1552 Ciceroni,
538 1492 690 1541 alium
737 1492 948 1553 Caesari,
1000 1493 1201 1557 singulis
1256 1493 1440 1543 deinde
1490 1493 1707 1557 singulos
1754 1511 1906 1559 oppo-

246 1589 487 1622 neremus.
573 1589 708 1622 nunc
747 1574 1044 1623 detrectasse
1084 1573 1377 1623 nominatim
1419 1573 1648 1637 antiquos
1689 1583 1903 1624 oratores
1927 1580 1950 1618 8

247 1662 508 1703 contentus
546 1653 798 1703 neminem
836 1653 1148 1718 sequentium
1185 1655 1385 1704 laudare
1421 1671 1568 1704 ausus
1606 1663 1680 1704 est
1720 1654 1815 1704 nisi
1851 1655 1902 1704 in

246 1732 501 1797 publicum
516 1742 566 1783 et
583 1733 635 1782 in
654 1750 932 1795 commune,
954 1734 1134 1784 veritus
1153 1736 1314 1794 cred0‚
1334 1752 1398 1784 ne
1418 1737 1597 1784 multos
1616 1736 1897 1796 offenderet,

173 1831 224 1861 20
245 1812 287 1862 si
305 1830 490 1877 paucos
514 1813 844 1878 excerpsisset.
906 1823 1087 1878 quotus
1113 1814 1246 1864 enim
1266 1814 1474 1878 quisque
1499 1815 1901 1865 scholasticorum
1923 1841 1948 1880 9

244 1910 346 1942 non
378 1895 471 1943 hac
499 1911 588 1943 sua
614 1894 931 1958 persuasione
965 1894 1148 1955 fruitur,
1177 1903 1232 1944 ut
1265 1912 1318 1944 se
1348 1904 1463 1944 ante
1493 1895 1785 1945 Ciceronem
1816 1913 1901 1945 nu-

245 1983 409 2034 meret,
449 1975 537 2024 sed
572 1977 718 2038 plane
758 1984 871 2039 post
907 1975 1282 2026 Gabinianum?
1348 1984 1399 2025 at
1434 1992 1526 2040 ego
1561 1991 1663 2024 non
1697 1976 1902 2025 verebor

243 2054 498 2103 nominare
522 2054 751 2118 singulos,
770 2071 871 2118 quo
894 2055 1083 2104 facilius
1108 2055 1369 2119 propositis
1394 2055 1628 2119 exemplis
1651 2064 1894 2120 appareat,

243 2133 422 2197 quibus
445 2134 676 2198 gradibus
700 2136 851 2183 fracta
874 2134 936 2184 sit
960 2144 1009 2184 et
1031 2135 1287 2184 deminuta
1311 2135 1620 2199 eloquentia.'

171 2233 220 2274 25
314 2218 326 2241 ‘
341 2217 410 2263 At
432 2231 578 2278 parce
593 2216 604 2238 '
628 2214 788 2278 inquit
804 2218 1059 2264 Maternus
1089 2219 1164 2264 ‘et
1186 2215 1350 2279 potius
1369 2218 1563 2265 exsolve
1586 2216 1894 2279 promissum.
1920 2223 1983 2273 27

242 2311 404 2358 neque
441 2294 573 2344 enim
609 2296 706 2343 hoc
740 2295 902 2359 colligi
937 2295 1285 2356 desideramuS,
1325 2295 1602 2345 disertiores
1638 2313 1744 2345 esse
1778 2297 1898 2345 anti-

242 2390 379 2436 quos,
415 2375 551 2436 quod
586 2374 721 2436 apud
762 2390 842 2422 me
877 2375 1080 2437 quidem
1120 2375 1172 2423 in
1213 2377 1440 2425 confesso
1481 2385 1566 2436 est,
1603 2378 1690 2425 sed
1726 2392 1896 2425 causas

242 2453 550 2516 exquirimuS,
596 2470 718 2516 quas
766 2463 814 2503 te
861 2455 1059 2504 solitum
1106 2463 1310 2504 tractare
1356 2457 1537 2516 dixisti,
1589 2459 1736 2519 paulo
1781 2466 1896 2506 ante

240 2535 386 2596 plane
432 2533 595 2582 mitior
634 2542 684 2582 et
729 2534 1039 2597 eloquentiae
1084 2543 1363 2598 temporum
1408 2545 1686 2585 nostrorum
1733 2536 1894 2586 minus

284 2661 599 2752 quffibus'dam
613 2661 777 2724 [ὕκης
813 2663 847 2700 si
870 2663 934 2701 dis
954 2663 1093 2725 placet
1108 2662 1226 2702 And.
1338 2677 1363 2702 2
1393 2668 1539 2727 tenere
1560 2664 1672 2716 Lips.
1694 2679 1702 2703 :
1733 2671 1894 2728 temere

241 2727 445 2807 ἓένεςωε
466 2717 567 2808 co⁶2
583 2716 925 2819 Ἧῖζῗεᾞέῗῖςζ
956 2729 1020 2755 ¹¹¹⁵
1040 2715 1257 2818 “istunc
1283 2730 1352 2810 V?
1374 2718 1581 2812 ἒζὶᾶὲῖιῗ
1593 2748 1602 2756 ’
1633 2720 1784 2810 ⁵⁰¹2?
1797 2724 1893 2823 ἐξῆ

243 2821 324 2859 etsi
343 2821 502 2861 Schoell
661 2835 713 2872 24
742 2823 874 2862 fracta
893 2823 957 2860 B:
994 2823 1102 2862 freta
1121 2828 1201 2863 cett.
1369 2836 1420 2873 25
1451 2831 1493 2864 at
1514 2837 1641 2874 parce
1661 2824 1890 2866 Michaelis:

242 2880 455 2925 apparate,
480 2881 625 2924 aparte
646 2875 753 2916 codd.
772 2888 781 2913 τ
812 2888 938 2925 parce
958 2876 1076 2914 And.
1093 2890 1101 2914 :
1133 2890 1291 2926 appara
1310 2882 1353 2916 te
1372 2877 1560 2917 Peterson
1670 2879 1723 2916 28
1753 2879 1894 2917 dixisti

248 2931 353 2976 (post
376 2928 491 2978 ante)
515 2928 610 2968 add.
633 2928 744 2979 Lips.
923 2943 976 2978 29
1006 2930 1144 2968 mitior
1172 2935 1216 2968 et
1245 2931 1512 2980 eloquentiae
1536 2931 1695 2970 Schele:
1728 2932 1893 2970 mitiore

187 2983 190 2987 ’
245 2980 483 3029 eloquentia
503 2987 544 3019 et
565 2981 676 3021 codd.
785 2983 923 3020 minus
943 2982 1088 3020 Nissen
1107 2997 1116 3022 ε
1147 2984 1320 3022 miratus
1340 2984 1447 3022 codd.
