2138 3470
769 173 1116 224 CORNELII
1153 174 1398 225 TACITI

248 314 584 378 languesceret
608 334 617 364 ε
683 331 798 364 nam
854 313 1002 364 etiam
1049 323 1155 364 tum
1203 314 1431 380 Agricola
1479 315 1784 367 Britanniam
1832 316 1916 366 ob-

249 394 451 444 tinebat.

154 484 226 532 40
319 475 474 539 Igitur
498 475 811 540 triumphalia
836 484 1125 541 ornamenta
1149 485 1198 526 et
1221 476 1435 527 inlustris
1459 486 1650 528 statuae
1672 479 1915 529 honorem

247 566 297 606 et
338 557 583 622 quidquid
624 574 714 622 pro
751 557 1003 622 triumpho
1044 559 1199 618 datur,
1236 560 1394 607 multo
1427 559 1690 609 verborum
1725 560 1916 610 honore

246 640 508 699 cumulata,
537 637 738 687 decerni
772 637 823 686 in
860 647 1033 688 senatu
1069 637 1206 688 iubet
1240 637 1460 702 addique
1493 638 1694 703 insuper
1727 639 1916 704 opinio-
1939 651 1962 691 5

244 735 374 779 nem,
414 717 606 767 Suriam
647 711 951 782 provinciam
987 718 1246 782 Agricolae
1280 718 1527 780 destinari,
1565 736 1772 771 vacuam
1807 729 1915 770 tum

198 814 217 840 2
246 807 403 848 morte
427 798 566 847 Atilii
592 800 710 848 Rufi
735 799 1004 849 consularis
1029 809 1078 849 et
1102 794 1370 850 maioribus
1395 809 1702 852 reservatam.
1763 801 1916 852 credi-

244 880 361 928 dere
396 878 617 943 plerique
654 879 884 929 libertum
921 897 981 929 ex
1015 880 1357 930 secretioribus
1392 881 1672 932 ministeriis
1706 881 1914 933 missum

243 960 309 1007 ad
347 945 629 1022 Agricolam
670 960 939 1021 codici1105‚
979 961 1160 1025 quibus
1198 961 1244 1011 ei
1285 962 1425 1012 Suria
1444 951 1446 953 ’
1465 963 1688 1024 dabatur,
1727 963 1909 1025 tulisse,

242 1057 357 1097 cum
381 1050 645 1106 praecepto
669 1051 736 1103 ut,
755 1041 796 1091 si
819 1041 871 1090 in
896 1042 1150 1092 Britannia
1172 1044 1308 1103 foret,
1328 1044 1664 1106 traderentur3
1697 1061 1914 1108 eumque
1939 1061 1990 1090 10

243 1121 474 1171 libertum
499 1122 551 1171 in
575 1122 684 1186 ipso
707 1124 831 1172 freto
852 1123 1042 1173 Oceani
1067 1123 1270 1173 obvium
1286 1123 1557 1187 Agricolae,
1576 1141 1640 1174 ne
1662 1127 1912 1188 appellato

243 1203 446 1267 quidem
476 1221 537 1254 eo
565 1205 631 1253 ad
658 1203 1001 1254 Domitianum
1031 1221 1287 1266 remeasse,
1317 1204 1418 1254 sive
1441 1222 1612 1255 verum
1635 1205 1782 1267 istud,
1810 1205 1913 1257 sive

195 1301 216 1339 3
242 1301 302 1334 ex
330 1284 528 1348 ingenio
559 1284 793 1349 principis
825 1286 997 1334 fictum
1029 1302 1087 1335 ac
1120 1285 1453 1348 compositum
1485 1295 1571 1336 est.
1644 1286 1912 1336 tradiderat

242 1364 438 1415 interim
463 1365 694 1429 Agricola
725 1365 996 1415 successori
1029 1383 1120 1415 suo
1152 1365 1456 1430 provinciam
1488 1366 1707 1431 quietam
1735 1375 1912 1418 tutam-

243 1464 353 1511 que.
425 1464 485 1496 ac
514 1464 578 1496 ne
607 1447 838 1497 notabilis
868 1447 1151 1498 celebritate
1176 1457 1225 1497 et
1249 1447 1524 1512 frequentia
1546 1448 1910 1501 occurrentium
1937 1469 1984 1509 15

242 1528 467 1578 introitus
492 1538 633 1590 esset,
652 1528 805 1579 vitato
828 1529 1099 1579 amicorum
1125 1529 1288 1579 officio
1313 1539 1464 1580 noctu
1482 1529 1534 1579 in
1552 1530 1739 1591 urbem,
1757 1539 1910 1582 noctu

242 1609 292 1658 in
335 1610 592 1671 Palatium,
637 1609 705 1659 ita
746 1619 800 1659 ut
840 1619 1158 1674 praeceptum
1207 1620 1321 1671 erat,
1363 1610 1532 1672 venit3
1576 1620 1911 1675 exceptusque

242 1691 376 1741 brevi
412 1694 585 1741 osculo
621 1700 670 1741 et
705 1693 842 1741 nullo
872 1708 1099 1742 sermone
1131 1692 1305 1741 turbae
1333 1691 1648 1741 servientium
1676 1691 1910 1742 inmixtus

188 1786 215 1826 4
241 1782 327 1822 est.
402 1782 619 1823 ceterum
655 1771 727 1822 uti
764 1772 971 1822 militare
1006 1789 1204 1833 nomen,
1239 1789 1384 1836 grave
1419 1772 1544 1822 inter
1571 1772 1770 1833 otiosos,
1801 1771 1909 1822 aliis

238 1854 498 1904 virtutibus
540 1863 844 1918 temperaret,
887 1853 1287 1917 tranquillitatem
1328 1862 1478 1918 atque
1518 1853 1674 1921 otium
1712 1852 1909 1918 penitus
1933 1870 1984 1899 20

239 1936 414 1996 hausit,
443 1938 578 1985 cultu
615 1935 855 1996 modicuS,
884 1951 1111 1985 sermone
1147 1934 1314 1995 faciliS,
1347 1951 1450 1984 uno
1483 1943 1569 1985 aut
1603 1937 1758 1985 altero
1791 1934 1909 1984 ami-

240 2033 410 2066 corum
446 2016 723 2076 comitatuS,
765 2017 893 2066 adeo
929 2015 1000 2065 uti
1037 2015 1270 2080 plerique,
1315 2015 1496 2079 quibus
1538 2031 1744 2079 magnos
1778 2014 1908 2064 viros

239 2115 326 2162 per
349 2096 674 2146 ambitionem
698 2095 959 2146 aestimare
982 2112 1091 2146 mos
1116 2105 1202 2156 est,
1221 2096 1327 2146 viso
1350 2105 1653 2161 aspectoque
1677 2095 1908 2161 Agricola

240 2187 530 2243 quaererent
554 2179 749 2238 famam,
778 2168 923 2242 pauci
949 2177 1391 2241 interpretarentur.

161 2264 218 2312 41
310 2260 497 2310 Crebro
527 2275 613 2323 per
642 2275 727 2308 eos
751 2258 858 2308 dies
882 2259 1016 2322 apud
1045 2257 1388 2308 Domitianum
1416 2258 1597 2308 absens
1627 2265 1902 2318 accusatuS,
1931 2276 1982 2318 25

239 2341 419 2390 absens
442 2341 699 2389 absolutus
724 2348 809 2389 est.
883 2356 1032 2389 causa
1060 2338 1264 2404 periculi
1293 2355 1395 2389 non
1427 2339 1612 2389 crimen
1641 2341 1796 2388 ullum
1820 2347 1907 2388 aut

238 2423 438 2484 querela
461 2420 579 2470 laesi
608 2420 914 2484 cuiusquam,
944 2422 1032 2471 sed
1064 2420 1285 2470 infensus
1309 2419 1568 2470 virtutibus
1600 2418 1828 2484 princeps
1856 2427 1906 2469 et

192 2526 211 2553 2
237 2501 390 2565 gloria
414 2501 499 2550 viri
524 2518 583 2550 ac
607 2501 878 2566 pessimum
903 2501 1216 2552 inimicorum
1240 2517 1407 2565 genus,
1430 2502 1700 2550 laudantes⁰
1774 2510 1822 2550 et
1846 2517 1906 2550 ea

238 2583 460 2631 insecuta
501 2591 615 2631 sunt
653 2582 721 2631 rei
759 2583 988 2646 publicae
1023 2592 1260 2647 tempora,
1295 2598 1423 2646 quae
1458 2580 1586 2632 sileri
1621 2580 1902 2645 Agricolam

238 2680 339 2712 non
365 2663 579 2712 sinerent
599 2682 608 2711 ε
643 2672 715 2712 tot
740 2663 979 2713 exercitus
1004 2663 1054 2712 in
1077 2663 1269 2714 Moesia
1291 2663 1545 2726 Daciaque
1568 2671 1618 2712 et
1636 2662 1902 2712 Germania
1925 2682 1978 2724 30

239 2753 287 2793 et
314 2743 570 2793 Pannonia
594 2744 867 2794 temeritate
898 2754 983 2794 aut
1015 2762 1101 2809 per
1132 2743 1376 2808 ignaviam
1405 2745 1590 2793 ducum
1621 2742 1801 2804 amissi,
1830 2753 1903 2794 tot

240 2824 470 2873 militares
494 2823 582 2873 viri
607 2841 722 2874 cum
747 2833 820 2874 tot
845 2825 1131 2875 cohortibus
1150 2824 1414 2890 expugnati
1432 2833 1481 2873 et
1500 2823 1629 2888 capti
1646 2842 1661 2886 3
1693 2840 1786 2874 nec
1803 2823 1902 2874 iam

299 2968 348 2994 1o
378 2954 595 2994 Britannia
616 2953 741 2994 Pul-z
774 2955 1036 2995 Britanniam
1058 2954 1193 2995 codd.:
1240 2955 1460 2995 Britannia
1488 2954 1614 2994 etiam
1644 2953 1739 2995 mni.
1764 2953 1902 2994 Halm

245 3009 292 3046 18
322 3009 468 3048 turbae
489 3022 570 3049 om.
594 3015 629 3048 Δ
796 3021 845 3048 21
877 3010 1017 3049 hausit
1044 3008 1163 3049 Wex:
1193 3010 1309 3049 auxit
1329 3008 1438 3049 codd.
