2138 3470
772 142 1117 193 CORNELII
1153 142 1399 192 TACITI

250 282 497 333 tellexisse
532 281 654 347 quid
689 281 864 331 melius
900 290 1040 342 esset,
1072 298 1167 330 nec
1197 283 1504 330 voluntatem
1537 281 1596 342 ei,
1623 298 1726 346 quo
1757 283 1917 330 minus

253 363 512 413 sublimius
542 372 591 412 et
619 362 797 412 cultius
826 362 1022 423 diceret,
1051 363 1140 411 sed
1168 361 1422 426 ingenium
1449 379 1510 412 ac
1531 361 1657 412 vires
1685 362 1912 413 defuisse.

201 466 225 504 3
253 445 411 510 quid?
447 463 507 494 ex
531 443 777 495 Caelianis
802 443 1105 493 orationibus
1133 460 1315 508 nempe
1339 459 1428 509 eae
1450 445 1659 507 placent,
1687 443 1789 493 sive
1812 443 1918 495 uni·

252 542 421 575 versae
455 524 557 574 sive
592 533 753 588 partes
789 541 968 584 earum,
996 523 1049 572 in
1073 523 1253 587 quibus
1289 522 1500 572 nitorem
1522 531 1574 590 et
1604 523 1916 574 altitudinem

198 617 226 657 4
253 607 431 659 horum
446 614 727 668 temporum
744 603 1105 668 adgnoscimus.
1158 604 1328 653 sordes
1343 611 1510 652 autem
1527 602 1639 653 illae
1653 604 1915 668 verborum

251 695 300 735 et
341 685 484 734 hians
521 683 818 748 compositio
859 692 908 733 et
948 683 1191 732 inconditi
1231 700 1403 732 sensus
1445 684 1670 732 redolent
1708 684 1917 749 antiqui-

250 774 403 815 tatem
419 782 434 826 3
467 781 562 814 nec
594 781 897 828 quemquam
928 765 1056 813 adeo
1084 763 1415 827 antiquarium
1447 772 1583 828 puto,
1610 772 1666 813 ut
1690 764 1916 815 Caelium

197 865 218 904 5
248 863 308 896 ex
349 863 408 896 ea
447 855 585 910 parte
624 847 793 895 laudet
835 862 932 909 qua
972 844 1204 908 antiquus
1247 853 1332 893 est.
1421 845 1755 894 concedamus
1797 862 1916 896 sane

246 928 302 977 C.
334 926 545 987 Caesari,
573 934 628 975 ut
656 934 855 990 propter
888 924 1279 989 magnitudinem
1309 923 1666 989 cogitationum
1695 934 1745 976 et
1773 943 1916 976 occu-

244 1007 469 1071 pationes
494 1025 656 1057 rerum
681 1006 843 1056 minus
868 1007 919 1055 in
945 1006 1227 1070 eloquentia
1252 1006 1478 1068 effecerit,
1510 1023 1661 1071 quam
1691 1007 1915 1058 divinum

243 1087 348 1137 eius
372 1088 625 1152 ingenium
649 1088 943 1152 postulabat,
973 1096 1074 1136 tam
1103 1088 1303 1137 hercule
1341 1104 1492 1151 quam
1519 1090 1727 1138 Brutum
1760 1088 1916 1154 philo-

242 1168 447 1233 sophiae
466 1185 584 1218 suae
608 1168 941 1233 relinquamus
959 1186 973 1229 3
1009 1167 1196 1216 namin
1217 1161 1521 1218 orationibus
1545 1168 1787 1219 minorem
1806 1186 1915 1220 esse

193 1258 218 1298 6
241 1251 373 1300 fama
391 1267 480 1300 sua
498 1249 646 1300 etiam
664 1249 983 1300 admiratores
1002 1249 1105 1299 eius
1121 1251 1333 1298 fatentur
1353 1269 1367 1314 :⁴
1401 1249 1495 1298 nisi
1511 1252 1636 1300 forte
1652 1250 1914 1316 quisquam

239 1339 325 1379 aut
350 1330 573 1381 Caesaris
597 1347 687 1394 pro
714 1329 873 1379 Decio
900 1329 1119 1380 Samnite
1143 1339 1227 1379 aut
1254 1329 1391 1378 Bruti
1422 1347 1512 1394 pro
1540 1331 1777 1382 Deiotaro
1799 1349 1914 1397 rege

240 1420 530 1475 ceterosque
565 1410 789 1460 eiusdem
827 1409 1133 1460 lentitudinis
1166 1427 1225 1460 ac
1259 1410 1442 1474 teporis
1476 1410 1627 1461 libros
1663 1412 1791 1477 legit,
1819 1412 1914 1462 nisi

240 1491 325 1555 qui
349 1501 397 1541 et
416 1491 633 1541 carmina
652 1492 926 1541 eorundem
949 1490 1159 1540 miratur.
1236 1492 1456 1540 fecerunt
1477 1491 1610 1541 enim
1629 1501 1679 1542 et
1697 1492 1914 1543 carmina

239 1582 287 1622 et
311 1572 362 1621 in
391 1572 718 1623 bibliothecas
755 1574 1056 1632 rettulerunt,
1087 1589 1191 1621 non
1224 1572 1398 1637 melius
1430 1590 1580 1637 quam
1606 1572 1796 1635 Cicero,
1823 1575 1914 1624 sed

195 1667 215 1709 7
239 1654 439 1715 felicius,
460 1654 575 1719 quia
599 1654 707 1704 illos
736 1654 910 1704 fecisse
939 1653 1194 1718 pauciores
1221 1653 1394 1703 sciunt.
1469 1653 1671 1704 Asinius
1695 1672 1909 1719 quoque,

239 1752 540 1799 quamquam
578 1734 888 1799 propioribus
931 1734 1236 1799 temporibus
1273 1744 1417 1785 natus
1454 1735 1528 1796 sit,
1565 1735 1757 1786 videtur
1791 1736 1912 1786 mihi

237 1815 362 1865 inter
405 1815 668 1866 Menenios
711 1825 760 1865 et
800 1814 990 1879 Appios
1041 1814 1300 1865 studuisse.
1391 1815 1660 1865 Pacuvium
1696 1826 1828 1867 certe
1862 1827 1912 1868 et

237 1895 447 1945 Accium
488 1913 591 1946 non
634 1898 795 1945 solum
840 1895 1103 1963 tragoediis
1147 1897 1235 1945 sed
1279 1895 1427 1946 etiam
1470 1896 1775 1947 orationibus
1810 1897 1911 1948 suis

189 1992 212 2030 8
236 1977 505 2040 expressit;
545 1978 673 2027 adeo
714 1978 865 2027 durus
910 1986 958 2026 et
1002 1976 1160 2027 siccus
1201 1986 1287 2027 est.
1374 1978 1531 2028 oratio
1566 1988 1745 2041 autem,
1785 1979 1912 2030 sicut

236 2075 413 2122 corpus
438 2057 666 2118 hominis,
698 2076 755 2108 ea
782 2060 985 2108 demum
1022 2060 1226 2123 pulchra
1252 2068 1337 2120 est,
1366 2058 1418 2108 in
1444 2076 1541 2123 qua
1565 2077 1667 2110 non
1692 2059 1911 2110 eminent

234 2157 390 2190 venae
414 2157 507 2190 nec
526 2157 638 2190 ossa
664 2150 993 2201 numerantur,
1017 2142 1106 2191 sed
1132 2150 1431 2205 temperatus
1450 2158 1509 2191 ac
1527 2141 1689 2191 bonus
1714 2141 1910 2206 sanguis

235 2221 406 2286 implet
431 2222 653 2271 membra
678 2231 726 2271 et
753 2223 963 2287 exsurgit
1001 2223 1116 2272 toris
1149 2223 1382 2287 ipsosque
1412 2239 1588 2272 nervos
1620 2223 1769 2272 rubor
1791 2222 1910 2286 tegit

186 2317 210 2356 9
235 2312 284 2353 et
308 2305 459 2353 decor
483 2305 813 2354 commendat.
895 2307 1012 2354 nolo
1039 2303 1310 2355 Corvinum
1334 2302 1540 2367 insequi,
1569 2302 1684 2366 quia
1707 2319 1799 2352 nec
1823 2318 1911 2366 per

234 2384 397 2448 ipsum
422 2383 554 2433 stetit
575 2401 675 2448 quo
706 2385 868 2434 minus
899 2385 1133 2435 laetitiam
1159 2384 1469 2448 nitoremque
1493 2392 1771 2432 nostrorum
1790 2391 1911 2432 tem-

234 2482 409 2529 porum
448 2465 749 2528 exprimeret,
787 2465 1012 2516 videmus
1046 2465 1177 2515 enim
1208 2481 1357 2528 quam
1386 2462 1571 2513 iudicio
1600 2461 1703 2512 eius
1728 2461 1799 2511 vis
1823 2470 1910 2511 aut

233 2545 383 2594 animi
409 2555 494 2594 aut
519 2546 702 2610 ingenii
735 2547 989 2596 suffecerit.

293 2689 310 2714 1
345 2677 481 2715 minus
507 2676 599 2717 add.
626 2677 762 2716 Halm
783 2691 790 2714 z
821 2677 924 2727 quin
945 2676 1040 2715 Put.
1190 2688 1215 2725 3
1246 2675 1443 2715 universa
1465 2678 1583 2724 parte
1604 2685 1746 2712 serum
1767 2671 1906 2712 codd:

234 2743 313 2769 em.
333 2730 526 2770 Pithoeus
731 2744 755 2780 5
788 2730 907 2781 illae]
941 2730 1086 2779 regule
1119 2729 1274 2767 ABD:
1321 2729 1507 2778 reliquae
1543 2727 1689 2777 Sorof:
1735 2726 1908 2765 hercule

235 2785 404 2824 Ribbeck
550 2797 597 2834 15
629 2785 789 2835 teporis
813 2785 924 2835 Lips.
946 2798 953 2822 :
987 2784 1188 2833 temporis
1210 2783 1348 2823 codd.:
1381 2780 1565 2833 torporis
1586 2779 1721 2820 Schele
1852 2791 1906 2831 25

235 2840 361 2878 rubor
389 2839 452 2878 B:
499 2840 651 2878 rubore
683 2844 764 2878 cett.
936 2840 989 2877 26
1020 2851 1097 2877 nec
1118 2837 1228 2875 AB:
1273 2850 1357 2876 non
1383 2840 1464 2876 cett.
1631 2837 1684 2874 28
1714 2834 1906 2874 videmus

236 2895 345 2933 enim
386 2907 510 2944 quam
551 2893 769 2942 Baehrens,
803 2892 941 2940 John:
989 2892 1219 2931 uiderimus
1251 2892 1421 2941 inquam
1451 2902 1577 2940 quam
1605 2888 1669 2940 (in
1699 2894 1904 2939 quantum

239 2946 337 2995 EV)
364 2947 472 2988 codd.
496 2962 502 2985 :
537 2953 578 2986 et
599 2948 789 2987 videmus
812 2946 851 2984 in
873 2952 1077 2998 quantum
1100 2944 1317 2984 Acidalius

1939 619 1962 660 5

1941 1023 1992 1054 10

1939 1429 1987 1471 15

1937 1836 1989 1864 20

1936 2235 1984 2276 25
