2138 3470
755 168 1100 219 CORNELII
1137 168 1381 218 TACITI

237 318 428 375 quanto
445 312 557 375 plus
574 307 979 375 propinquorum,
999 316 1187 372 quanto
1206 307 1361 357 maior
1383 306 1624 358 adfinium
1648 321 1897 367 numeruS,

238 402 379 444 tanto
401 391 658 457 gratiosior
680 400 908 441 senectus
925 409 940 452 ;
973 407 1068 440 nec
1090 392 1190 440 ulla
1213 389 1435 440 orbitatis
1458 389 1626 454 pretia.

158 496 216 532 21
238 504 243 506 -
306 473 567 537 Suscipere
597 481 700 521 tam
730 469 1012 528 inimicitias
1048 486 1136 519 seu
1167 468 1316 532 patris
1349 485 1437 518 seu
1460 466 1726 532 propinqui
1748 481 1900 531 quam

236 555 478 606 amicitias
503 569 708 604 necesse
738 561 813 602 est
829 570 844 613 3
891 568 985 603 nec
1007 549 1327 615 inplacabiles
1351 551 1560 604 durant:
1594 547 1743 598 luitur
1765 546 1900 619 enim

235 638 385 688 etiam
421 636 749 687 homicidium
785 644 922 686 certo
955 643 1291 685 armentorum
1326 650 1385 683 ac
1419 648 1656 697 pecorum
1672 684 1674 686 ,
1690 645 1900 680 numero
1923 651 1946 692 5

234 719 507 783 recipitque
541 717 928 768 satisfactionem
963 716 1191 766 universa
1226 716 1421 775 domuS,
1448 713 1629 764 utiliter
1659 711 1712 762 in
1743 709 1900 776 publi-

234 818 363 861 cum,
391 799 508 864 quia
530 798 905 864 periculosiores
932 807 1047 848 sunt
1071 797 1358 847 inimicitiae
1381 796 1515 846 iuxta
1539 795 1828 846 libertatem.
1888 849 1893 853 ,

169 870 208 939 ³2
302 880 628 932 Convictibus
664 890 714 931 et
749 879 975 944 hospitiis
1011 896 1113 929 non
1149 879 1245 929 alia
1278 895 1399 942 gens
1432 877 1632 928 effusius
1660 875 1897 939 indulget.

233 979 603 1028 quemcumque
640 962 922 1013 mortalium
963 978 1128 1012 arcere
1168 970 1301 1011 tecto
1339 962 1476 1011 nefas
1517 959 1757 1020 habetur3
1806 973 1897 1021 pro

231 1047 430 1098 fortuna
452 1044 663 1109 quisque
686 1043 932 1108 apparatis
957 1043 1116 1107 epulis
1140 1042 1332 1107 excipit.
1405 1059 1521 1093 cum
1545 1043 1784 1100 defecere,
1809 1038 1896 1103 qui
1923 1055 1972 1086 ιο

233 1128 388 1176 modo
406 1127 588 1189 hospes
603 1127 774 1185 fuerat,
797 1133 1095 1175 monstrator
1112 1123 1315 1188 hospitii
1333 1133 1382 1173 et
1400 1140 1569 1174 comes
1586 1141 1602 1185 ,-
1623 1122 1897 1187 proximam

184 1225 208 1266 3
233 1209 441 1257 domum
468 1223 571 1256 non
597 1205 787 1256 invitati
810 1207 1010 1257 adeunt.
1083 1221 1178 1255 nec
1200 1204 1402 1256 interest
1424 1223 1435 1254 ι
1470 1203 1575 1268 pari
1592 1201 1899 1256 humanitate

232 1288 554 1352 accipiuntur.
629 1297 805 1338 notum
843 1287 1168 1352 ignotumque
1203 1295 1446 1351 quantum
1479 1287 1546 1336 ad
1579 1284 1656 1336 ius
1689 1283 1898 1349 hospitis

233 1387 385 1420 nemo
432 1369 679 1420 discernit.
753 1368 971 1429 abeunti,
1021 1367 1063 1418 si
1109 1367 1232 1432 quid
1276 1366 1573 1432 poposcerit,
1622 1366 1898 1421 concedere

235 1451 417 1513 moris;
474 1459 523 1500 et
570 1449 813 1514 poscendi
857 1449 909 1498 in
956 1449 1116 1499 vicem
1164 1449 1342 1500 eadem
1387 1447 1606 1498 facilitas.
1678 1447 1897 1511 gaudent
1922 1461 1972 1504 ¹5

235 1532 537 1593 muneribuS,
565 1533 654 1582 sed
679 1548 772 1581 nec
796 1531 913 1581 data
947 1531 1194 1595 imputant
1228 1545 1323 1580 nec
1356 1529 1574 1594 acceptis
1602 1527 1895 1593 obligantur.

233 1612 408 1680 [victus
433 1614 560 1664 inter
583 1613 804 1677 hospites
829 1611 1020 1681 comis]

145 1713 210 1750 22
303 1695 479 1746 Statim
520 1712 550 1745 e
590 1711 783 1755 somn0,
827 1711 978 1759 quem
1019 1696 1313 1759 plerumque
1352 1691 1405 1743 in
1441 1692 1577 1744 diem
1623 1693 1897 1752 extrahunt,

234 1779 471 1838 lavantur,
516 1776 712 1840 saepius
751 1774 925 1835 calida,
968 1784 1023 1825 ut
1069 1777 1204 1839 apud
1251 1791 1378 1839 quos
1423 1773 1692 1838 plurimum
1738 1773 1898 1823 hiems

233 1867 459 1922 occupat.
532 1857 651 1907 lauti
688 1856 856 1910 cibum
889 1855 1120 1920 capiunt:
1156 1863 1410 1919 separatae
1441 1854 1645 1918 singulis
1667 1855 1813 1904 sedes
1846 1863 1897 1904 et
1922 1876 1973 1905 πο

233 1955 322 1988 sua
363 1937 543 2002 cuique
581 1954 765 1988 mensa.
839 1946 944 1986 tum
982 1938 1047 1987 ad
1086 1935 1285 2000 negotia
1321 1952 1415 1985 nec
1451 1935 1616 1985 minus
1650 1951 1799 2000 saepe
1830 1937 1898 1986 ad

186 2044 206 2073 α
233 2019 459 2069 convivia
500 2021 777 2083 procedunt
817 2018 1004 2069 armati.
1077 2018 1212 2068 diem
1262 2027 1564 2082 noctemque
1609 2017 1898 2068 continuare

232 2102 455 2166 potando
492 2101 614 2150 nulli
650 2101 899 2165 probrum.
971 2100 1186 2162 crebrae,
1213 2109 1268 2150 ut
1300 2100 1426 2149 inter
1449 2099 1742 2161 vinolentos,
1768 2099 1899 2149 rixae

232 2198 340 2232 raro
388 2181 638 2242 conviciiS,
683 2181 878 2245 saepius
924 2182 1078 2232 caede
1124 2189 1174 2231 et
1220 2180 1504 2231 vulneribus
1550 2180 1894 2245 transiguntur.

186 2291 209 2331 3
232 2263 321 2312 sed
368 2271 417 2312 et
463 2264 528 2312 de
576 2261 954 2326 reconciliandis
1002 2261 1214 2312 invicem
1262 2261 1474 2311 inimicis
1527 2270 1578 2312 et
1633 2261 1896 2326 iungendis
1921 2280 1970 2322 ²5

230 2343 567 2392 adfinitatibus
594 2352 643 2392 et
666 2342 1003 2394 adsciscendis
1022 2341 1341 2406 principibuS,
1362 2343 1428 2392 de
1451 2358 1575 2407 pace
1597 2342 1815 2407 denique
1835 2359 1896 2392 ac

232 2424 364 2473 bello
411 2426 703 2488 plerumque
752 2424 802 2473 in
845 2423 1083 2474 conviviis
1123 2426 1419 2484 consultant,
1462 2432 1716 2487 tamquam
1756 2424 1896 2473 nullo

232 2504 385 2567 magis
410 2514 632 2568 tempore
658 2515 742 2555 aut
778 2507 844 2555 ad
881 2504 1117 2569 simplicis
1152 2504 1476 2569 cogitationes
1507 2513 1672 2568 pateat
1698 2503 1895 2554 animus

180 2608 206 2647 4
229 2594 314 2634 aut
354 2587 419 2635 ad
462 2602 664 2650 magnas
705 2586 981 2636 incalescat.
1055 2602 1176 2650 gens
1223 2602 1325 2636 non
1371 2594 1533 2637 astuta
1578 2601 1672 2635 nec
1716 2584 1896 2635 callida

288 2726 307 2753 1
329 2719 488 2763 quanto
501 2714 639 2755 Halm
658 2729 667 2755 :
689 2720 809 2755 tanto
825 2713 943 2754 AD:
962 2726 1048 2764 quo
1063 2712 1106 2751 B
1121 2713 1183 2762 (in
1203 2712 1366 2762 rasura)
1384 2711 1469 2752 CH
1564 2724 1590 2751 2
1609 2713 1770 2762 gratior
1784 2711 1901 2752 A²H

229 2780 256 2819 3
282 2779 360 2807 seu
382 2798 391 2807 .
413 2798 423 2809 .
445 2797 455 2807 .
482 2770 707 2820 propinqui
728 2782 811 2809 om.
835 2768 880 2807 D
1055 2769 1082 2807 8
1110 2767 1251 2817 aliqua
1270 2765 1359 2806 AB
1527 2778 1575 2816 14
1605 2772 1894 2818 poposcerunt

229 2821 271 2860 A
293 2834 302 2859 :
350 2823 599 2874 poposceris
641 2822 696 2861 Βι
892 2834 939 2872 17
969 2821 1205 2862 communis
1250 2819 1504 2872 Longolius:
1552 2819 1736 2861 vinclum
1782 2820 1894 2861 inter

230 2876 421 2926 hospites
444 2877 620 2917 comitas
642 2875 889 2915 Lachmann
908 2889 918 2914 ι
948 2875 1082 2915 victus
1102 2903 1113 2914 .
1139 2904 1147 2915 .
1170 2905 1180 2916 .
1201 2873 1334 2914 comis
1352 2873 1437 2915 secl.
1458 2873 1657 2917 Bletere‘us
1767 2875 1818 2914 18
1845 2873 1889 2926 e]

230 2929 343 2968 enim
366 2929 454 2970 AB
555 2964 559 2970 .
587 2940 639 2979 25
668 2930 743 2969 sed
765 2929 827 2981 et]
848 2928 924 2968 sed
949 2927 1028 2967 CD
