2138 3470
733 167 1079 217 CORNELII
1117 168 1361 219 TACITI

167 325 188 364 5
212 306 574 370 permutatione
598 305 837 357 mercium
861 308 1076 357 utuntur.
1143 306 1406 372 pecuniam
1429 308 1642 373 probant
1663 317 1880 360 veterem

213 397 262 438 et
286 388 372 439 diu
397 398 582 450 notam,
610 398 818 439 serratos
843 388 1147 453 bigatosque.
1219 399 1475 454 argentum
1499 407 1702 456 quoque
1724 390 1880 455 magis

212 487 363 534 quam
398 488 574 520 aurum
608 479 896 534 sequuntur,
935 472 1072 520 nulla
1109 470 1390 521 adfectione
1430 471 1596 533 animi,
1634 474 1723 523 sed
1763 471 1882 537 quia

213 569 446 602 numerus
487 561 832 618 argenteorum
878 551 1067 603 facilior
1111 551 1223 603 usui
1268 562 1343 603 est
1388 553 1634 619 promisca
1670 571 1732 604 ac
1766 553 1882 604 vilia

212 634 559 684 mercantibus.
1901 652 1926 694 5

153 728 188 775 6
281 718 361 766 Ne
406 718 589 766 sermm
635 714 841 780 quidem
887 724 1122 781 superest,
1166 714 1293 767 sicut
1338 733 1398 766 ex
1445 733 1624 781 genere
1669 717 1879 768 telorum

183 829 186 832 Δ
212 797 468 862 colligitur.
530 796 623 847 rari
645 796 820 861 gladiis
843 806 929 846 aut
953 795 1221 847 maioribus
1245 796 1429 847 lanceis
1447 806 1679 848 utuntur:
1714 799 1879 848 hastas

211 881 289 929 vel
314 878 535 944 ipsorum
558 877 805 928 vocabulo
829 880 1038 928 frameas
1062 887 1237 942 gerunt
1267 887 1478 942 angusto
1502 887 1552 928 et
1575 877 1712 928 brevi
1735 880 1876 940 ferre,

212 962 301 1011 sed
336 960 406 1010 ita
437 959 538 1010 acri
572 969 622 1010 et
655 961 722 1010 ad
756 976 902 1010 usum
937 958 1104 1020 habili,
1130 968 1185 1009 ut
1220 961 1399 1010 eodem
1435 961 1549 1020 te10,
1575 968 1721 1023 prout
1755 958 1879 1011 ratio

169 1063 186 1090 2
211 1041 385 1106 poscit,
406 1043 485 1091 vel
508 1040 788 1091 comminus
812 1041 890 1090 vel
913 1039 1107 1090 eminus
1131 1049 1364 1104 pugnent.
1426 1049 1474 1090 et
1499 1057 1650 1104 eques
1674 1039 1877 1104 quidem
1901 1056 1955 1087 10

213 1132 355 1173 scuto
378 1124 662 1186 frameaque
696 1130 960 1171 contentus
984 1129 1082 1182 est,;
1098 1120 1288 1185 pedites
1321 1129 1370 1171 et
1398 1119 1600 1170 missilia
1629 1129 1876 1186 spargunt,

213 1206 452 1269 pluraque
498 1202 691 1268 singuli,
733 1212 884 1268 atque
938 1202 991 1253 in
1042 1202 1324 1253 inmensum
1370 1202 1577 1264 vibrant,
1626 1202 1749 1254 nudi
1793 1212 1880 1253 aut

213 1288 384 1351 sagulo
408 1287 553 1336 leveS.
615 1287 752 1336 nulla
775 1287 935 1336 cultus
960 1284 1157 1335 iactatio
1177 1303 1192 1347 3
1226 1294 1366 1335 scuta
1388 1294 1580 1335 tantum
1603 1283 1880 1336 lectissimis

166 1386 189 1425 3
213 1366 462 1418 coloribus
486 1365 808 1431 distinguunt.
881 1366 1052 1431 paucis
1076 1365 1269 1427 loricae,
1295 1365 1376 1416 vix
1398 1365 1486 1416 uni
1508 1365 1707 1417 alterive
1729 1365 1881 1417 cassis

211 1457 297 1497 aut
319 1450 470 1512 galea.
543 1446 660 1512 equi
692 1464 795 1497 non
826 1449 997 1508 forma,
1025 1464 1127 1497 non
1159 1445 1419 1498 velocitate
1451 1446 1719 1512 conspicui.
1791 1448 1882 1500 sed
1906 1465 1955 1508 15

166 1548 168 1550 ·
212 1545 307 1578 nec
340 1528 526 1578 variare
558 1545 702 1593 gyros
737 1527 789 1578 in
822 1545 1012 1579 morem
1043 1537 1267 1579 nostrum
1299 1529 1570 1579 docentur:
1612 1527 1664 1578 in
1691 1536 1881 1579 rectum

211 1618 297 1673 aut
331 1626 435 1660 uno
470 1611 600 1659 flexu
636 1611 833 1660 dextros
870 1617 1035 1673 agunt,
1076 1608 1145 1659 ita
1179 1608 1448 1660 coniuncto
1485 1610 1605 1660 orbe
1641 1618 1697 1660 ut
1731 1625 1882 1661 nemo

163 1713 189 1752 4
211 1690 453 1757 posterior
484 1690 558 1742 sit.
631 1689 684 1740 in
718 1690 1001 1741 universum
1024 1690 1304 1741 aestimanti
1335 1692 1446 1755 plus
1478 1708 1631 1756 penes
1663 1691 1881 1757 peditem

212 1771 435 1837 roboris;
484 1790 647 1838 eoque
684 1772 822 1822 mixti
860 1772 1172 1838 proeliantur,
1216 1781 1333 1838 apta
1373 1781 1422 1823 et
1469 1782 1771 1838 congruente
1814 1773 1881 1824 ad

212 1865 491 1920 equestrem
516 1873 734 1920 pugnam
757 1854 1018 1905 velocitate
1048 1853 1287 1920 peditum,
1314 1871 1440 1919 quos
1472 1872 1533 1905 ex
1555 1855 1693 1906 omni
1717 1854 1882 1907 iuven·
1904 1873 1955 1903 ω

166 1951 188 1991 5
212 1946 317 1987 tute
363 1938 585 1987 delectos
631 1946 747 1986 ante
792 1936 951 1987 aciem
997 1937 1176 1987 locant.
1250 1935 1482 1987 definitur
1510 1945 1571 1993 :et
1617 1944 1880 1989 numerus:

186 2017 410 2081 *centeni
446 2035 506 2067 ex
540 2017 743 2081 singulis
771 2016 915 2081 'pagis
951 2026 1080 2078 sunt,
1112 2015 1264 2081 idque
1299 2016 1461 2081 ipsum
1497 2015 1625 2073 inter,
1657 2033 1772 2068 suos
1799 2033 1883 2068 vo-

213 2108 399 2160 cantur,
427 2108 476 2148 et
510 2100 649 2163 quod
685 2097 845 2162 primo
881 2114 1115 2148 numerus
1150 2097 1255 2159 fuit,
1283 2096 1381 2147 iam
1416 2114 1601 2148 nomen
1637 2106 1687 2148 et
1721 2098 1882 2149 honor

165 2189 189 2230 6
213 2190 299 2230 est.
372 2178 503 2229 acies
528 2196 615 2244 per
638 2196 825 2229 cuneos
850 2178 1177 2243 componitur.
1250 2180 1426 2229 cedere
1450 2180 1576 2239 loco,
1603 2179 1881 2230 dummodo

212 2280 376 2314 rursus
401 2262 567 2323 instes,
594 2261 788 2313 consilii
817 2278 968 2326 quam
992 2260 1268 2312 formidinis
1296 2260 1602 2311 arbitrantur.
1674 2277 1882 2326 corpora
1905 2279 1951 2320 25

213 2362 415 2395 suorum
439 2345 588 2395 etiam
613 2344 663 2394 in
689 2343 854 2395 dubiis
878 2344 1075 2408 proeliis
1108 2346 1334 2394 referunt.
1408 2352 1603 2393 scutum
1626 2340 1880 2406 reliquisse

212 2426 532 2490 praecipuum
568 2426 819 2490 flagitium,
858 2442 951 2475 nec
986 2435 1071 2475 aut
1106 2424 1254 2475 sacris
1288 2426 1462 2475 adesse
1495 2431 1581 2473 aut
1613 2421 1879 2473 concilium

212 2506 335 2556 inire
380 2505 712 2570 ignominioso
752 2508 824 2555 fas
842 2523 858 2568 3
914 2505 1156 2570 multique
1202 2504 1486 2570 superstites
1526 2504 1769 2554 bellorum
1810 2503 1880 2555 in·

212 2586 412 2637 famiam
448 2589 627 2651 laqueo
662 2588 905 2638 finierunt.

161 2684 190 2735 7
283 2671 445 2732 Reges
479 2686 538 2717 ex
566 2669 836 2731 nobilitate,
863 2672 1017 2721 duces
1051 2687 1109 2719 ex
1141 2669 1317 2719 virtute
1349 2676 1563 2718 sumunt.
1637 2684 1730 2718 nec
1761 2665 1880 2732 regi·
1904 2685 1954 2724 30

272 2811 319 2847 14
350 2797 668 2848 distinguuntur
697 2798 773 2839 H:
823 2800 1061 2850 distingunt
1095 2804 1177 2839 cett.
1359 2810 1406 2848 15
1435 2797 1557 2847 galea
1593 2795 1726 2839 Rhen.
1767 2797 1878 2850 (cum

212 2851 372 2893 duobus
398 2852 510 2892 codd.
540 2853 651 2902 dett.)
675 2867 684 2892 ε
717 2854 865 2902 galeae
892 2858 998 2894 cett.:
1030 2853 1153 2903 galea
1182 2859 1246 2893 est
1274 2851 1447 2892 Mutzell
1625 2864 1671 2902 17
1703 2852 1879 2892 dextros

211 2905 307 2961 (vel
347 2907 573 2960 sinistros>
611 2907 817 2947 Michaelis
926 2908 1154 2948 coniuncto
1181 2906 1324 2949 A²B²z
1375 2911 1530 2947 cuncto
1558 2910 1639 2946 cett.
1829 2907 1879 2946 18

213 2963 473 3003 existimanti
496 2961 573 3003 CD
719 2975 772 3012 23
802 2961 937 3014 quod]
958 2961 1128 3013 quidem
1147 2960 1236 3001 AB
1385 2963 1439 3002 26
1467 2961 1612 3014 etiam]
1635 2966 1679 3001 et
1698 2960 1743 3000 D
