2138 3470
751 180 1098 230 CORNELII
1134 180 1379 231 TACITI

235 336 354 369 sane
389 319 509 370 alias
550 319 803 370 excitatior
840 319 1095 384 magisque
1131 319 1183 369 in
1217 319 1455 385 ambiguo
1489 319 1742 371 Britannia
1776 321 1899 372 fuit:

234 400 464 450 trucidati
505 400 734 461 veterani,
779 400 1012 450 incensae
1052 400 1291 462 coloniae,
1333 400 1588 465 intersepti
1628 401 1902 465 exercitus;

183 503 212 543 4
234 490 342 532 tum
367 483 432 531 de
455 482 624 542 salute,
653 498 770 531 mox
792 483 858 532 de
880 481 1084 532 victoria
1112 491 1371 532 certavere.
1443 499 1573 547 quae
1603 492 1783 533 cuncta
1811 483 1902 533 etsi

234 562 452 614 consiliis
488 563 742 626 ductuque
781 562 980 612 alterius
1014 564 1298 628 agebantur,
1314 585 1316 587 ·
1332 580 1394 612 ac
1429 580 1624 614 summa
1657 581 1819 614 rerum
1853 573 1903 614 et

233 643 531 707 reciperatae
555 642 837 707 provinciae
859 643 1012 706 gloria
1035 643 1088 692 in
1112 646 1293 693 ducem
1319 643 1477 704 cessit,
1504 653 1660 694 artem
1683 653 1734 694 et
1756 662 1901 694 usum
1926 661 1948 701 5

234 733 285 774 et
325 724 550 774 stimulos
591 723 830 774 addidere
869 723 1047 784 iuveni,
1088 723 1385 788 intravitque
1423 724 1646 774 animum
1683 725 1903 775 militaris

233 805 417 869 gloriae
441 805 638 869 cupido,
666 804 854 868 ingrata
877 805 1197 868 temporibuS,
1225 804 1406 868 quibus
1435 804 1630 855 sinistra
1653 822 1766 869 erga
1789 804 1905 855 emi-

234 885 397 935 nentis
438 885 775 949 interpretatio
815 902 910 935 nec
950 885 1114 936 minus
1150 885 1424 950 periculum
1460 902 1520 936 ex
1560 903 1739 951 magna
1771 887 1904 936 fama

234 984 385 1031 quarn
421 984 482 1017 ex
515 969 656 1017 mala.

175 1047 211 1095 6
305 1049 443 1098 Hinc
487 1049 555 1099 ad
600 1050 932 1113 capessendos
980 1049 1289 1113 magistratus
1336 1048 1387 1097 in
1428 1049 1603 1099 urbem
1644 1050 1902 1114 degressus
1929 1066 1979 1095 10

238 1129 513 1180 Domitiam
570 1129 911 1190 Decidianam‚
962 1129 1235 1194 splendidis
1289 1129 1534 1180 natalibus
1587 1139 1759 1190 ortam,
1810 1129 1904 1179 sibi

236 1211 427 1273 iunxit3
472 1211 626 1275 idque
666 1211 1034 1261 matrimonium
1081 1212 1146 1261 ad
1193 1210 1378 1260 maiora
1425 1210 1601 1260 nitenti
1647 1212 1801 1260 decus
1847 1227 1907 1260 ac

236 1293 387 1342 robur
413 1292 517 1341 fuit.
590 1292 914 1356 vixeruntque
950 1292 1072 1341 mira
1108 1291 1387 1353 concordia,
1415 1308 1502 1355 per
1538 1300 1761 1342 mutuam
1790 1291 1907 1341 cari-

237 1382 390 1422 tatem
415 1382 463 1422 et
487 1373 539 1422 in
564 1373 723 1423 vicem
748 1390 801 1423 se
824 1375 1192 1437 anteponendo,
1221 1372 1315 1423 nisi
1344 1374 1482 1437 quod
1510 1372 1560 1422 in
1588 1374 1724 1423 bona
1755 1386 1906 1423 uxore

193 1472 213 1501 2
238 1463 379 1504 tanto
419 1454 576 1504 maior
616 1457 735 1515 lauS,
781 1464 969 1518 quanto
1010 1454 1061 1503 in
1104 1456 1234 1504 mala
1274 1454 1384 1518 plus
1427 1455 1601 1518 culpae
1642 1462 1727 1504 est.
1801 1470 1906 1504 sors
1931 1471 1980 1513 15

238 1544 531 1599 quaesturae
571 1535 877 1600 provinciam
913 1535 1098 1596 Asiam,
1138 1552 1228 1600 pro
1265 1537 1469 1586 consule
1505 1534 1723 1585 Salvium
1758 1534 1909 1585 Titia-

238 1634 360 1666 num
385 1616 536 1677 dedit,
565 1634 777 1680 quorum
802 1627 978 1667 neutro
1003 1626 1260 1680 corruptus
1285 1626 1371 1677 est,
1401 1633 1703 1680 quamquam
1728 1624 1778 1665 et
1801 1631 1910 1680 pro-

237 1697 399 1747 vincia
423 1698 560 1747 dives
584 1715 643 1748 ae
666 1707 835 1762 parata
858 1698 1193 1763 peccantibUS,
1213 1706 1262 1747 et
1286 1714 1376 1761 pro
1400 1699 1604 1747 consule
1627 1697 1679 1746 in
1704 1713 1906 1747 ornnem

236 1779 523 1829 aviditatem
561 1797 745 1844 pronus
786 1780 1093 1844 quantalibet
1129 1778 1360 1829 facilitate
1400 1780 1742 1843 redempturus
1779 1786 1908 1828 esset

190 1876 214 1917 3
238 1869 462 1910 mutuam
486 1859 931 1911 dissimulationem
961 1860 1088 1910 mali.
1162 1868 1336 1910 auctus
1368 1869 1442 1909 est
1472 1859 1542 1909 ibi
1573 1859 1684 1920 filia,
1712 1858 1764 1908 in
1795 1859 1909 1910 sub·
1932 1877 1984 1906 20

238 1940 420 1991 sidium
456 1940 602 1991 simul
638 1951 687 1991 et
719 1941 989 2003 solacium3
1024 1958 1139 1991 nam
1169 1941 1324 1991 filium
1353 1950 1469 1991 ante
1497 1941 1747 1991 sublatum
1770 1939 1908 1991 brevi

238 2021 413 2072 amisit.
487 2039 603 2072 mox
635 2022 760 2072 inter
791 2032 1105 2087 quaesturam
1137 2040 1196 2072 ac
1228 2022 1533 2072 tribunatum
1565 2021 1724 2086 plebis
1757 2030 1909 2086 atque

237 2103 402 2167 ipsum
426 2102 575 2153 etiam
600 2103 876 2153 tribunatus
899 2122 1087 2154 annum
1112 2103 1278 2168 quiete
1302 2113 1351 2154 et
1374 2103 1478 2153 otio
1502 2103 1703 2164 transiit,
1729 2119 1907 2168 gnarus

239 2185 334 2234 sub
373 2186 575 2234 Nerone
616 2194 908 2250 temporum,
954 2185 1135 2250 quibus
1176 2185 1350 2235 inertia
1390 2202 1480 2249 pro
1521 2183 1760 2249 sapientia
1798 2183 1902 2234 fuit.

190 2285 217 2323 4
239 2265 374 2315 idem
421 2275 677 2329 praeturae
723 2275 865 2316 tenor
906 2276 955 2316 et
996 2266 1277 2327 silentium3
1322 2283 1417 2315 nec
1457 2264 1590 2315 enim
1635 2263 1907 2314 iurisdictio
1931 2282 1979 2323 25

240 2348 521 2396 obvenerat.
594 2348 739 2398 ludos
780 2357 830 2398 et
869 2347 1036 2398 inania
1076 2346 1277 2397 honoris
1319 2346 1488 2396 medio
1522 2345 1723 2396 rationis
1756 2353 1907 2409 atque

239 2427 577 2477 abundantiae
616 2428 768 2489 duxit,
805 2428 877 2479 uti
918 2431 1065 2493 longe
1103 2446 1134 2478 a
1167 2427 1354 2477 luxuria
1402 2429 1470 2476 ita
1498 2428 1660 2476 famae
1692 2423 1903 2490 propior.

194 2522 216 2561 5
242 2517 348 2557 tum
390 2510 576 2558 electus
615 2526 646 2559 a
687 2509 849 2559 Galba
888 2511 954 2560 ad
995 2510 1130 2559 dona
1170 2510 1466 2573 templorum
1509 2507 1908 2572 recognoscenda

242 2588 615 2653 diligentissima
660 2590 1024 2654 conquisitione
1070 2589 1196 2649 fecit,
1242 2606 1306 2639 ne
1346 2588 1485 2638 cuius
1524 2586 1721 2638 alterius
1767 2586 1910 2637 sacri-

243 2669 424 2734 legium
461 2686 535 2719 res
572 2670 772 2733 publica
806 2687 956 2734 quam
994 2670 1206 2720 Neronis
1241 2671 1487 2719 sensisset.>
1934 2685 1983 2725 30

188 2788 222 2826 J<
304 2811 322 2838 1
358 2797 581 2838 excitatior
602 2798 831 2839 Buechner:
862 2799 1137 2839 exercitatior
1159 2796 1270 2840 codd.
1292 2811 1302 2839 ε
1332 2797 1515 2838 erectior
1540 2795 1747 2836 Welhaber
1881 2809 1908 2836 2

246 2853 468 2904 intercepti
491 2852 584 2893 Put.
760 2867 809 2893 10
838 2854 1053 2904 digressus
1076 2854 1166 2892 P²A
1334 2865 1383 2901 14
1414 2851 1658 2902 appetendo
1679 2856 1717 2890 Δ
1857 2850 1908 2889 18

247 2909 318 2958 ac]
342 2915 385 2947 et
406 2914 442 2947 Δ
581 2920 633 2957 23
665 2908 818 2957 quietis
841 2915 875 2947 Δ
988 2907 1138 2947 transit
1160 2911 1189 2946 Γ
1327 2918 1379 2956 25
1410 2911 1534 2945 tenor
1553 2904 1714 2945 lehem:
1751 2904 1909 2945 certior

248 2957 356 3003 codd.
381 2976 389 3001 :
420 2963 550 3001 otium
573 2961 707 3000 Ritter
868 2964 922 3002 26
951 2964 1090 3002 medio
1111 2961 1304 3002 luxuriae
1326 2967 1362 2999 Δ
1381 2975 1391 3000 :
1437 2960 1563 2999 modo
1585 2958 1759 2998 rationis
1779 2958 1873 2998 Put.
1897 2973 1906 2997 ε

250 3019 548 3058 moderationis
569 3018 680 3069 Lt‘pS.
701 3033 710 3059 ε
740 3019 878 3058 medio
900 3018 1202 3057 moderationis
1227 3015 1445 3055 Gudeman
