2138 3470
759 157 1104 207 CORNELII
1141 158 1387 209 TACITI

239 295 391 346 etiam
425 295 792 362 opportunitate
827 296 1010 346 mortis.
1057 275 1138 360 Qt
1171 296 1436 360 perhibent
1469 296 1556 362 qui
1587 296 1910 348 interfuerunt

239 376 517 427 novissimis
563 377 872 428 sermonibus
914 362 1040 451 tuis)
1068 387 1301 428 constans
1342 387 1391 428 et
1431 378 1590 428 libens
1637 381 1794 428 fatum
1834 397 1910 429 ex-

239 458 426 524 cepisti,
468 468 721 523 tamquam
763 475 852 523 pro
892 457 1015 508 virili
1056 459 1284 523 portione
1322 447 1660 509 innocentiam
1700 459 1910 524 principi

190 551 215 590 4
240 542 463 590 donareS.
516 542 605 590 sed
625 539 747 589 mihi
764 539 993 604 filiaeque
1011 540 1115 590 eius
1139 549 1331 606 praeter
1353 540 1672 591 acerbitatem
1696 541 1910 607 parentis

240 620 394 686 erepti
439 629 586 685 auget
626 620 933 682 maestitiam,
975 622 1113 686 quod
1152 621 1380 672 adsidere
1419 622 1702 684 valetudini,
1747 625 1911 674 fovere
1937 638 1959 678 5

193 718 214 758 5
240 702 568 763 deficientem,
614 702 777 752 satiari
817 705 955 753 vultu
995 705 1361 768 complexuque
1399 721 1505 755 non
1545 704 1762 769 contigit.
1836 723 1912 756 ex-

240 783 541 847 cepissemus
583 793 714 834 certe
756 786 991 835 mandata
1029 802 1291 850 vocesque,
1330 802 1454 850 quas
1501 786 1698 851 penitus
1743 787 1912 837 animo

240 867 513 929 figeremuS.
587 875 754 916 noster
794 866 876 916 hic
923 868 1078 928 dolor,
1122 876 1347 917 nostrum
1387 869 1579 929 vulnuS,
1624 867 1770 918 nobis
1811 878 1912 919 tam

240 949 418 1012 longae
440 947 694 998 absentiae
719 948 1015 999 condicione
1037 958 1154 999 ante
1177 949 1562 1014 quadriennium
1588 949 1798 1001 amissus
1822 959 1909 1001 est.

193 1039 218 1079 6
241 1028 410 1100 omnia
437 1028 543 1078 sine
572 1028 739 1090 dubio,
768 1029 955 1094 optime
987 1038 1259 1095 parentum,
1287 1029 1550 1081 adsidente
1576 1030 1914 1082 amantissima
1938 1047 1989 1076 10

242 1127 393 1160 uxore
434 1112 716 1175 superfuere
757 1111 934 1161 honori
971 1120 1088 1162 tuo:
1136 1111 1452 1177 paucioribus
1492 1121 1662 1163 tamen
1701 1111 1912 1164 lacrimis

243 1193 577 1256 comploratus
619 1208 683 1252 eS,
726 1200 775 1242 et
815 1192 1082 1242 novissima
1115 1192 1167 1242 in
1209 1195 1320 1244 luce
1354 1192 1697 1245 desideravere
1726 1193 1915 1260 aliquid

246 1272 377 1322 oculi
413 1273 495 1323 tui.

152 1356 225 1416 46
315 1353 366 1403 Si
399 1354 508 1418 quis
545 1354 739 1419 piorum
772 1355 1000 1405 manibus
1032 1358 1185 1416 locuS,
1218 1355 1272 1416 si,
1305 1365 1361 1406 ut
1395 1356 1702 1421 sapientibus
1736 1358 1912 1422 placet,

245 1459 348 1491 non
395 1459 509 1492 cum
557 1460 762 1507 corpore
809 1443 1157 1508 extinguuntur
1208 1461 1418 1508 magnae
1462 1445 1670 1507 animae,
1720 1445 1914 1511 placide
1940 1460 1987 1501 15

244 1523 481 1586 quiescaS‚
523 1541 715 1588 nosque
752 1531 800 1573 et
833 1526 1040 1575 domum
1077 1535 1213 1575 tuam
1250 1527 1315 1576 ab
1351 1526 1549 1577 infirmo
1583 1526 1832 1578 desiderio
1865 1536 1915 1577 et

245 1604 566 1655 muliebribus
598 1606 826 1655 lamentis
858 1608 923 1656 ad
956 1607 1429 1672 contemplationem
1453 1607 1689 1658 virtutum
1720 1617 1914 1658 tuarum

199 1705 218 1732 2
245 1701 404 1747 voces,
433 1703 555 1750 quas
589 1704 752 1751 neque
778 1687 930 1750 lugeri
955 1705 1118 1752 neque
1143 1687 1309 1752 plangi
1334 1690 1406 1739 fas
1431 1698 1517 1740 est.
1587 1688 1915 1740 admiratione

245 1776 293 1817 te
340 1767 503 1831 potius
552 1776 601 1818 et
652 1768 994 1818 inmortalibus
1042 1769 1272 1819 laudibus
1319 1778 1381 1830 et,
1432 1770 1473 1819 si
1519 1779 1694 1820 natura
1738 1787 1915 1835 suppe-

244 1847 380 1909 ditet,
420 1848 740 1900 similitudine
775 1852 1026 1900 colamus:
1062 1849 1103 1900 is
1138 1866 1280 1900 verus
1316 1852 1490 1911 honOS,
1526 1867 1585 1901 ea
1619 1850 1915 1901 coniunctis·
1939 1867 1990 1895 20

198 1947 221 1987 3
244 1929 354 1980 simi
397 1930 637 1994 cuiusque
677 1930 845 1995 pietas,
921 1930 972 1981 id
1013 1930 1143 1981 filiae
1188 1947 1390 1995 quoque
1436 1931 1676 1996 uxorique
1721 1949 1914 1998 praece-

245 2009 413 2075 perim,
454 2010 523 2060 sic
562 2010 723 2075 patris,
766 2011 836 2061 sic
873 2011 1031 2061 mariti
1068 2012 1358 2062 memoriam
1393 2013 1625 2075 venerari,
1657 2023 1713 2064 ut
1745 2014 1914 2066 omnia

245 2094 374 2141 facta
408 2091 640 2156 dictaque
673 2091 777 2142 eius
807 2109 976 2142 secum
1002 2095 1265 2154 revolvant,
1294 2095 1604 2159 formamque
1625 2112 1685 2145 ac
1709 2096 1913 2159 figuram

244 2172 398 2222 animi
434 2172 588 2237 magis
617 2189 767 2237 quam
797 2173 1014 2238 corporis
1045 2176 1448 2238 complectantur,
1482 2192 1585 2225 non
1620 2175 1736 2240 quia
1771 2176 1914 2228 inter-

245 2256 527 2305 cedendum
547 2264 718 2319 putem
744 2254 1039 2318 imaginibus
1066 2272 1195 2319 quae
1220 2273 1463 2307 marmore
1486 2265 1572 2306 aut
1594 2274 1706 2307 aere
1725 2259 1913 2322 fingun-
1938 2278 1987 2320 ²5

246 2346 335 2396 tur,
364 2337 466 2396 sed,
493 2345 547 2385 ut
571 2338 733 2385 vultus
752 2335 1026 2397 hominurn,
1049 2336 1116 2386 ita
1140 2337 1399 2388 simulacra
1416 2341 1579 2388 vultus
1603 2339 1834 2390 inbecilla
1854 2356 1914 2390 ac

248 2417 470 2467 mortalia
502 2427 627 2478 sunt,
656 2419 814 2467 forma
843 2418 1021 2468 mentis
1056 2428 1267 2481 aeterna,
1295 2437 1446 2484 quam
1478 2429 1645 2471 tenere
1680 2430 1730 2471 et
1765 2419 1916 2486 expri-

248 2516 380 2549 mere
418 2516 520 2549 non
562 2516 647 2563 per
686 2499 899 2550 alienam
947 2500 1200 2551 materiam
1242 2511 1291 2552 et
1330 2511 1499 2564 artem,
1543 2503 1632 2553 sed
1674 2501 1770 2553 tuis
1809 2501 1915 2567 ipse

308 2642 324 2667 1
358 2630 581 2679 perhibent
602 2631 699 2671 Put.
719 2647 727 2671 ε
762 2635 1037 2684 perhiberent
1059 2635 1166 2675 codd.
1289 2637 1316 2675 6
1345 2635 1663 2686 excepissemus
1682 2634 1911 2686 Acidalia-s,

250 2681 447 2722 Picltena:
480 2686 745 2737 excepissem
767 2689 876 2730 codd.
989 2691 1016 2729 8
1045 2691 1153 2742 tam]
1175 2696 1263 2730 tum
1284 2695 1345 2730 1⁸¹³
1437 2703 1466 2741 9
1493 2688 1858 2783 longtffldnosme
1877 2695 1913 2728 Δ

253 2750 301 2776 12
331 2740 592 2788 compositus
613 2746 675 2780 I'm
860 2745 910 2784 16
940 2757 1103 2795 nosque
1124 2751 1164 2783 et
1190 2744 1369 2784 Urlichs:
1400 2757 1563 2795 nosque
1583 2757 1603 2783 c
1682 2773 1691 2783 .
1865 2755 1915 2793 19

250 2797 292 2831 et
315 2792 618 2836 immortalibus
639 2796 877 2838 Aa'dalms:
909 2799 1213 2850 temporalibus
1233 2798 1367 2839 codd:
1397 2805 1440 2840 te
1462 2798 1580 2838 imm·
1599 2798 1714 2850 Lapa
1861 2810 1916 2837 20

249 2846 524 2888 similitudine
568 2850 757 2891 Grotius:
801 2852 978 2893 militum
1014 2858 1068 2892 1¹:
1119 2854 1294 2893 multum
1326 2859 1362 2893 Δ
1474 2853 1662 2893 colamus
1699 2851 1913 2892 Muretus:

251 2901 499 2943 decoramus
529 2904 665 2945 codd.:
710 2906 960 2946 decoremus
995 2907 1198 2947 Ursinus:
1239 2914 1282 2948 te
1313 2907 1499 2948 colamus
1532 2906 1752 2947 Gudeman
1861 2917 1914 2956 23

250 2954 509 3008 formamque
531 2959 742 2999 Muretus:
775 2961 1011 3012 famamque
1031 2961 1141 3002 codd.
