2138 3470
597 183 954 234 DIALOGUS
991 183 1087 232 DE
1123 183 1582 235 ORATORIBUS

258 321 532 372 eruditione
556 330 605 372 et
627 331 729 372 arte
751 323 816 372 ab
840 321 958 386 ipsis
987 332 1239 373 mutuatus
1264 333 1338 373 est
1369 341 1456 389 per
1479 341 1607 389 quae
1636 342 1751 375 mox
1782 325 1914 391 ipsos

257 402 548 452 incesseret!
618 412 757 452 tuum
793 412 972 463 tamen,
1013 406 1259 465 Messalla,
1298 404 1594 469 promissum
1629 405 1914 456 immutasse

255 479 357 545 non
382 484 544 534 debet.
617 501 780 548 neque
812 484 944 534 enim
973 486 1284 535 defensorem
1316 486 1631 550 antiquorum
1660 486 1908 551 exigimus,
1941 509 1960 535 2

255 581 348 614 nec
380 581 682 629 quemquam
717 575 952 627 nostrum,
981 583 1283 631 quamquam
1319 568 1472 616 modo
1506 567 1692 617 laudati
1727 585 1908 628 sumus,

208 657 231 698 5
255 643 312 693 iis
360 662 484 709 quos
531 645 795 695 insectatus
847 655 921 695 est
966 649 1101 709 Aper
1155 663 1510 711 comparamus
1595 665 1654 697 ac
1699 665 1764 697 ne
1809 647 1913 712 ipse

255 724 456 788 quidem
492 725 559 775 ita
594 725 752 786 sentit,
781 727 869 775 sed
905 743 1042 775 more
1073 735 1236 776 vetere
1267 736 1317 776 et
1341 743 1371 776 a
1395 726 1572 776 nostris
1607 727 1913 791 philosophis

254 821 400 869 saepe
432 807 678 855 celebrato
713 805 921 870 sumpsit
956 806 1063 856 sibi*
1085 816 1257 855 contra
1291 806 1491 855 dicendi
1526 807 1686 870 partis.
1770 807 1914 871 igitur
1939 823 1962 862 3

252 901 484 948 exprome
503 885 646 935 nobis
665 903 767 936 non
791 886 1127 936 laudationem
1150 887 1464 950 antiquorum
1486 887 1621 951 (satis
1646 887 1777 937 enim
1803 888 1910 937 illos

254 966 383 1014 fama
418 982 506 1015 sua
540 966 742 1032 laudat),
770 968 859 1016 sed
894 983 1065 1029 causas
1102 984 1187 1015 cur
1221 966 1273 1016 in
1309 976 1499 1016 tantum
1533 968 1598 1016 ab
1630 967 1911 1031 eloquentia

185 1061 232 1089 10
253 1061 423 1094 eorum
447 1046 800 1106 recesserimus,
824 1063 938 1109 cum
962 1046 1246 1110 praesertim
1270 1056 1470 1096 centum
1495 1056 1544 1096 et
1561 1047 1730 1111 viginti
1753 1066 1910 1098 annos

251 1125 315 1174 ab
351 1125 547 1176 interitu
576 1126 830 1178 Ciceronis
865 1126 917 1175 in
942 1128 1089 1176 'hunc
1130 1127 1263 1177 diem
1306 1128 1432 1177 effici
1470 1127 1591 1177 ratio
1633 1137 1909 1192 temporum

252 1205 529 1270 collegerit.'

257 1303 259 1305 “
319 1288 450 1335 Tum
500 1290 764 1338 Messalla:
827 1292 1031 1352 ‘sequar
1083 1289 1430 1353 praescriptam
1478 1307 1507 1338 a
1554 1299 1613 1349 te,
1668 1291 1905 1349 Materne,
1935 1299 2001 1348 25

252 1367 492 1428 formam3
538 1384 701 1431 neque
739 1368 871 1417 enim
909 1369 996 1418 diu
1037 1379 1209 1418 contra
1243 1369 1512 1419 dicendum
1545 1379 1619 1418 est
1647 1373 1796 1433 Apro,
1825 1370 1907 1433 qui

180 1463 228 1505 15
252 1445 476 1509 primum,
505 1456 560 1496 ut
587 1448 774 1511 opinor,
802 1448 1017 1497 nominis
1050 1450 1430 1498 controversiam
1463 1450 1628 1510 movit,
1655 1458 1908 1513 tamquam

251 1543 423 1589 parum
459 1527 653 1590 proprie
692 1528 882 1591 antiqui
916 1538 1217 1588 vocarentur,
1257 1546 1382 1592 quos
1417 1529 1532 1578 satis
1568 1538 1760 1578 constat
1793 1539 1909 1578 ante

251 1615 451 1655 centum
475 1624 632 1656 annos
656 1607 817 1657 fuisse.
891 1608 1011 1656 mihi
1043 1618 1208 1657 autem
1240 1610 1305 1658 de
1336 1610 1579 1658 vocabulo
1611 1626 1776 1673 pugna
1806 1627 1909 1658 non
1936 1624 1956 1650 2

251 1695 324 1734 est
341 1703 355 1746 5
389 1686 490 1735 sive
525 1687 633 1736 illos
668 1687 897 1751 antiquos
933 1688 1034 1737 sive
1070 1689 1277 1737 maiores
1315 1689 1416 1738 sive
1451 1706 1551 1753 quo
1585 1688 1683 1738 alio
1724 1691 1911 1738 mavult

250 1766 452 1815 nomine
486 1769 711 1830 appellet,
744 1769 865 1817 dum
901 1770 1054 1817 modo
1090 1768 1141 1817 in
1177 1771 1403 1818 confesso
1438 1769 1500 1818 sit
1534 1768 1907 1818 eminentiorem

178 1867 226 1896 20
250 1845 442 1896 illorum
468 1856 745 1910 temporum
782 1848 1115 1912 eloquentiam
1147 1849 1295 1898 fuisse
1311 1867 1326 1910 ;
1360 1866 1423 1898 ne
1447 1849 1516 1897 illi
1547 1849 1751 1912 quidem
1782 1849 1908 1913 parti

250 1927 487 1975 sermonis
523 1928 628 1976 eius
663 1945 896 1993 repugno,
936 1929 977 1977 si
1013 1929 1289 1978 comminus
1326 1931 1502 1978 fatetur
1541 1928 1692 1993 pluris
1726 1931 1907 1978 formas
1966 1924 1971 1928 ’

249 2007 449 2057 dicendi
473 2008 620 2058 etiam
645 2009 803 2058 isdem
828 2009 1047 2069 saeculis,
1076 2011 1262 2064 nedum
1294 2009 1495 2059 diversis
1520 2009 1746 2059 extitisse.
1817 2011 1907 2059 sed
1932 2022 1956 2061 3

250 2105 350 2151 quo
392 2090 544 2138 modo
585 2088 710 2138 inter
745 2090 938 2139 Atticos
980 2099 1194 2139 oratores
1235 2090 1421 2153 primae
1464 2089 1791 2140 Demostheni
1831 2090 1908 2138 tri-

250 2169 478 2230 buuntur,
507 2169 784 2234 proximum
813 2168 1011 2237 [autem]
1043 2172 1209 2220 locum
1241 2170 1512 2220 Aeschines
1545 2180 1595 2220 et
1626 2166 1906 2233 Hyperides

178 2270 226 2310 ²5
251 2259 300 2302 et
341 2251 510 2313 Lysias
548 2260 597 2300 et
634 2254 884 2316 Lycurgus
923 2251 1161 2311 obtinent,
1201 2251 1423 2300 omniurn
1463 2261 1629 2300 autem
1666 2268 1906 2300 concessu

250 2332 373 2380 haec
397 2341 644 2381 oratorum
668 2341 801 2381 aetas
826 2331 1037 2381 maxime
1069 2332 1314 2396 probatur,
1343 2331 1412 2381 sic
1443 2333 1577 2395 apud
1612 2347 1703 2380 nos
1729 2331 1905 2381 Cicero

249 2411 451 2474 quidem
499 2422 685 2461 ceteros
734 2414 1004 2462 eorundem
1051 2421 1328 2476 temporum
1376 2412 1581 2461 disertos
1625 2410 1900 2471 antecessit,

250 2492 429 2541 Calvus
453 2502 618 2541 autern
644 2502 693 2542 et
715 2492 915 2541 Asinius
940 2502 988 2541 et
1013 2494 1195 2543 Caesar
1218 2501 1266 2541 et
1291 2492 1487 2542 Caelius
1519 2500 1567 2540 et
1591 2494 1771 2540 Brutus
1800 2490 1904 2539 iure

249 2579 297 2619 et
321 2571 561 2634 prioribus
587 2582 635 2621 et
667 2572 986 2635 sequentibus
1018 2581 1395 2635 anteponuntur.
1467 2588 1560 2620 nec
1591 2573 1736 2620 refert
1766 2572 1903 2633 quod
1926 2577 1952 2615 4

176 2670 228 2710 30
249 2650 374 2700 inter
392 2668 444 2701 se
462 2652 624 2716 specie
643 2652 884 2712 differunt,
907 2669 1021 2702 curn
1038 2669 1216 2715 genere
1234 2651 1555 2701 consentiant.
1627 2650 1903 2700 adstrictior

304 2791 329 2827 4
358 2785 544 2818 nostrum
565 2779 805 2819 Acidalius:
837 2785 1079 2819 nostrorum
1100 2778 1210 2819 codd.
1374 2780 1401 2818 6
1428 2779 1586 2818 nostris
1605 2778 1717 2817 AB:
1747 2778 1903 2818 vestris

250 2836 330 2872 cett.
350 2846 358 2870 ε
390 2834 605 2872 veteribus
626 2833 873 2884 Nipperdey:
904 2833 979 2873 del.
1002 2833 1191 2872 Muretus
1380 2846 1408 2883 9
1435 2834 1478 2871 in
1497 2846 1579 2873 om.
1603 2832 1691 2870 ΑΒ
1849 2844 1900 2871 21

248 2886 472 2934 quominus
501 2887 635 2927 fatear
668 2887 724 2926 V:
761 2888 1021 2927 comminans
1048 2886 1220 2926 Nissen:
1261 2901 1343 2937 qua
1370 2888 1491 2938 quasi
1521 2886 1754 2926 comminus
1784 2886 1904 2926 nisus

187 2983 190 2986 ,
244 2939 458 2987 ,1.ᾹΙιῖῖΙεν
546 2954 598 2990 24
628 2947 771 2980 autem
791 2941 875 2982 secl.
894 2941 1023 2980 Rt'tter
1122 2953 1173 2990 25
1203 2940 1365 2991 autem]=
1389 2947 1525 2981 tamen
1552 2940 1656 2980 Gud.
1760 2943 1813 2979 26
1841 2940 1902 2979 sic

249 2991 331 3031 5²:
362 2994 468 3033 sicut
488 2999 593 3033 cem:
624 2995 683 3034 sic
706 3001 746 3033 et
768 2994 975 3034 Baehrens
1084 3007 1138 3044 3ο
1168 2995 1364 3035 differunt
1383 2996 1544 3036 Halm:
1577 2995 1774 3035 differant
1794 2993 1900 3035 codd.
