2138 3470
837 175 842 179 ⁴
895 179 1277 231 GERMANIA
1333 180 1339 185 ’

255 334 421 378 conaS,
441 309 706 380 ManimOS,
729 317 922 380 Elisios,
945 321 1327 370 Nahanarvalos.
1381 319 1518 385 apud
1542 322 1591 371 N
1594 321 1913 371 ahanarvalos
1935 337 1959 377 4

254 397 486 462 antiquae
532 399 778 463 religionis
833 402 973 451 lucus
1018 401 1307 452 ostenditur.
1392 401 1639 467 praesidet
1684 404 1913 452 sacerdos

255 477 482 528 muliebri
506 489 694 541 ornatu,
717 481 805 531 sed
829 483 950 531 deos
974 480 1374 547 interpretatione
1399 485 1632 534 Romana
1655 484 1913 534 Castorem

256 560 610 623 Pollucemque
656 571 942 612 memorant.
991 602 993 604 -
1039 580 1098 613 ea
1142 563 1214 614 vis
1261 562 1467 625 numini,
1516 581 1702 614 nomen
1759 563 1908 613 Alcis.

208 651 232 692 5
256 641 391 689 nulla
413 639 684 701 simulacra,
712 645 902 692 nullum
934 644 1217 708 peregrinae
1241 642 1599 708 superstitionis
1622 643 1881 709 vestigium
1898 662 1914 706 ς
1936 661 1958 702 5

255 729 310 770 ut
355 723 524 772 fratres
570 732 750 784 tamen,
790 734 845 774 ut
885 725 1087 776 iuvenes
1124 736 1428 776 venerantur.
1502 735 1720 775 ceterum
1768 724 1912 775 Harii
1935 733 1960 774 6

255 818 401 865 super
446 802 583 864 vires,
623 805 804 868 quibus
841 816 1154 856 enumeratos
1189 809 1343 871 paulo
1372 815 1488 856 ante
1527 808 1740 870 populos
1779 815 1913 856 ante-

256 884 454 944 cedunt,
481 893 641 934 truces
673 885 847 935 insitae
873 887 1049 936 feritati
1072 897 1174 937 arte
1208 905 1267 937 ac
1291 896 1513 951 tempore
1537 887 1879 936 lenocinantur
1900 905 1911 936 :

258 963 394 1027 nigra
417 975 566 1025 scuta,
594 965 746 1015 tincta
780 984 986 1031 corpora
1002 985 1017 1029 ;
1055 977 1183 1017 atras
1216 969 1283 1017 ad
1318 967 1503 1031 proelia
1536 976 1708 1016 noctes
1743 969 1912 1031 legunt

187 1065 238 1095 ιο
257 1044 462 1109 ipsaque
501 1047 762 1097 formidine
802 1057 951 1113 atque
991 1050 1166 1099 umbra
1204 1049 1365 1098 feralis
1406 1048 1644 1098 exercitus
1678 1057 1911 1098 terrorem

255 1124 481 1187 inferunt,
510 1129 646 1177 nullo
671 1128 888 1178 hostium
913 1129 1186 1179 sustinente
1209 1146 1394 1179 novum
1419 1146 1479 1178 ac
1501 1130 1635 1178 velut
1665 1127 1911 1178 infernum

252 1208 543 1271 adspectum
561 1226 575 1269 3
610 1226 725 1258 nam
750 1210 894 1274 primi
917 1211 969 1260 in
994 1211 1225 1261 omnibus
1255 1210 1451 1275 proeliis
1476 1208 1608 1259 oculi
1632 1208 1906 1259 vincuntur.

320 1290 479 1338 Trans
521 1290 700 1354 Lygios
742 1293 971 1341 Gotones
1007 1301 1283 1356 regnantur,
1323 1293 1473 1355 paulo
1507 1290 1606 1340 iam
1646 1289 1910 1340 adductius
1929 1291 1999 1342 44

253 1385 405 1433 quam
442 1378 633 1420 ceterae
671 1373 1032 1422 Germanorum
1069 1382 1254 1436 gentes,
1295 1373 1521 1421 nondum
1563 1380 1729 1421 tamen
1766 1387 1913 1435 supra

185 1466 232 1508 15
255 1449 543 1500 libertatem.
615 1451 838 1515 protinus
872 1452 1057 1503 deinde
1090 1453 1155 1502 ab
1180 1454 1385 1503 Oceano
1411 1452 1560 1516 Rugii
1584 1461 1633 1502 et
1658 1451 1881 1502 Lemovii
1898 1468 1914 1513 3

255 1530 579 1595 omniumque
612 1533 787 1582 harum
821 1533 1042 1597 gentium
1076 1532 1268 1597 insigne
1302 1534 1516 1583 rotunda
1552 1541 1703 1594 scuta,
1740 1533 1911 1582 breves

253 1611 403 1677 gladii
426 1621 474 1662 et
499 1629 611 1677 erga
633 1630 770 1678 reges
794 1613 1102 1678 obsequium.

320 1692 562 1744 Suionum
603 1694 721 1744 hinc
760 1694 994 1756 civitateS,
1038 1695 1147 1759 ipso
1194 1695 1245 1744 in
1293 1695 1512 1755 Oceano,
1553 1703 1743 1759 praeter
1783 1693 1911 1745 viros
1936 1707 1955 1736 2

253 1790 487 1839 armaque
523 1775 761 1825 classibus
798 1777 973 1825 valent.
1046 1777 1205 1825 forma
1241 1775 1440 1824 navium
1482 1792 1543 1825 eo
1579 1774 1739 1825 differt
1775 1776 1912 1839 quod

175 1868 237 1902 '20
255 1855 501 1919 utrimque
524 1872 666 1919 prora
689 1864 907 1920 paratam
931 1872 1125 1919 semper
1147 1855 1377 1919 adpulsui
1400 1857 1612 1905 frontem
1636 1854 1746 1918 agit.
1813 1872 1912 1904 'nec

254 1935 373 1986 velis
397 1935 673 1985 ministrant
696 1953 789 1985 nec
813 1953 974 1985 remos
998 1935 1050 1984 in
1083 1934 1307 1985 ordinem
1343 1934 1576 1984 lateribus
1607 1935 1911 1998 adiungunt:

253 2018 483 2076 solutum,
523 2025 578 2065 ut
618 2016 669 2065 in
710 2016 1009 2079 quibusdam
1050 2015 1326 2076 fluminum,
1362 2024 1411 2065 et
1452 2015 1703 2075 mutabile,
1746 2024 1801 2065 ut
1835 2032 1911 2065 res

254 2096 425 2160 poscit,
451 2094 568 2145 hinc
605 2097 682 2145 vel
719 2095 855 2145 illinc
892 2095 1164 2160 remigium.
1238 2104 1312 2145 est
1343 2096 1478 2159 apud
1510 2095 1619 2145 illos
1652 2105 1701 2145 et
1732 2095 1909 2160 opibus
1934 2109 1959 2149 3

253 2178 427 2238 honos,
453 2194 614 2241 eoque
644 2194 774 2227 unus
806 2176 1065 2242 imperitat,
1094 2176 1239 2226 nullis
1272 2176 1370 2225 iam
1396 2175 1782 2239 exceptionibus,
1809 2193 1910 2226 non

177 2273 232 2315 25
253 2257 471 2322 precario
494 2258 597 2308 iure
612 2258 829 2322 parendi.
881 2275 974 2308 nec
997 2275 1146 2318 arma,
1168 2266 1222 2307 ut
1246 2258 1381 2321 apud
1405 2266 1594 2306 ceteros
1620 2259 1907 2317 GerrnanOS,
1931 2276 1958 2318 4

253 2337 304 2387 in
328 2338 588 2403 promiSCO,
615 2340 704 2389 sed
728 2341 895 2388 clausa
918 2339 1012 2389 sub
1036 2339 1258 2398 custode,
1285 2347 1334 2387 et
1365 2337 1569 2401 quidem
1605 2354 1758 2398 servo,
1796 2337 1914 2401 quia

253 2418 442 2469 subitos
477 2419 694 2469 hostium
728 2419 952 2469 incursus
988 2418 1217 2483 prohibet
1259 2419 1503 2478 Oceanus,
1544 2417 1732 2468 otiosae
1766 2433 1913 2481 porro

253 2508 549 2549 armatorum
584 2517 760 2550 manus
796 2499 938 2549 facile
974 2497 1262 2548 lasciviunt:
1299 2497 1550 2548 enimitero
1582 2514 1744 2561 neque
1776 2495 1913 2547 nobi-

207 2635 210 2637 ,
255 2581 353 2629 lern
390 2597 553 2644 neque
589 2581 874 2644 ingenuum,
916 2597 979 2630 ne
1020 2579 1303 2630 libertinum
1349 2578 1553 2643 quidem
1593 2578 1740 2628 armis
1780 2594 1914 2650 prae-

181 2676 239 2719 30
256 2677 440 2725 ponere
462 2661 593 2725 regia
615 2661 797 2711 utilitas
822 2670 908 2711 est.

314 2802 332 2828 1
364 2788 507 2829 elisios
535 2789 578 2830 Β
587 2804 597 2831 :
631 2789 807 2830 helisios
836 2788 1025 2840 helysios
1056 2793 1135 2830 cett.
1287 2788 1542 2829 naharualos
1571 2786 1729 2827 A²BH
1886 2800 1911 2835 4

256 2841 361 2881 aleis
379 2842 421 2882 B
528 2890 533 2894 ¹
582 2845 610 2882 6
636 2843 714 2883 arii
733 2843 812 2884 5²:
841 2843 912 2884 alii
931 2840 1013 2884 cett.
1172 2853 1223 2893 13
1251 2841 1386 2892 legios
1406 2843 1448 2882 Β
1570 2842 1783 2893 gothones
1802 2840 1912 2881 codd.

258 2902 488 2946 regnantur
509 2896 605 2939 CA:
636 2903 819 2948 regnant
838 2902 920 2938 cett.
1098 2908 1146 2948 15
1178 2896 1348 2936 lemonii
1367 2895 1477 2948 BPH
1654 2897 1702 2935 18
1733 2894 1824 2945 ipse
1843 2894 1911 2933 A:

209 2987 211 2991 .
258 2947 377 2998 ipsae
395 2948 438 2988 B
610 2963 659 2990 21
692 2951 930 2992 ministrant
950 2951 1063 3003 Lips.
1084 2965 1094 2992 ε
1122 2950 1412 2991 ministrantur
1430 2949 1539 2990 codd.
1724 2961 1775 2998 24
1804 2946 1909 3000 non]

258 3013 337 3043 nec
359 3002 472 3042 CDA
639 3018 690 3056 27
720 3006 883 3046 otiosae
905 3005 1068 3046 coleras
1086 3020 1096 3045 :
1125 3005 1261 3045 otiosa
1280 3004 1399 3058 (oci-)
1422 3003 1529 3044 codd.
