2138 3470
579 167 935 217 DIALOGUS
972 167 1068 214 DE
1105 166 1562 215 ORATORIBUS

241 307 588 372 intellegebant
612 322 736 370 opus
762 322 879 365 esse,
899 322 1001 354 non
1026 314 1079 353 ut
1102 304 1153 352 in
1177 306 1426 354 rhetorum
1450 303 1631 352 scholis
1657 306 1895 353 declama-

240 397 359 448 rent,
386 404 479 437 nec
503 395 557 436 ut
581 386 710 435 fictis
738 403 830 435 nec
855 388 955 435 ullo
988 387 1141 434 modo
1172 386 1237 434 ad
1261 385 1514 433 veritatem
1544 385 1894 434 accedentibus

240 467 578 518 controversiis
614 467 1016 530 linguamvmodo
1049 474 1097 514 et
1121 482 1295 515 vocem
1328 473 1619 525 exercerent,
1648 466 1735 514 sed
1760 474 1814 513 ut
1838 465 1894 513 iis

237 547 421 597 artibus
458 556 628 611 pectus
664 547 934 609 implerent,
975 546 1024 594 in
1062 545 1239 608 quibus
1275 547 1340 594 de
1375 545 1520 594 bonis
1556 553 1605 594 et
1640 545 1791 605 malis,
1832 547 1895 594 de

190 637 213 677 5
238 628 448 677 honesto
473 636 521 676 et
546 626 686 690 turpi,
715 628 778 676 de
811 626 939 676 iusto
972 635 1020 675 et
1052 625 1232 674 iniusto
1265 625 1574 688 disputatur3
1608 626 1731 674 haec
1763 625 1895 673 enirn

238 716 312 757 est
335 707 513 757 oratori
537 706 758 756 subiecta
789 708 853 756 ad
884 706 1152 756 dicendum
1186 705 1397 754 materia.
1472 722 1587 753 nam
1618 704 1669 753 in
1702 704 1895 754 iudiciis
1922 719 1940 746 2

237 789 336 837 fere
371 789 435 837 de
466 787 725 850 aequitate,
754 786 804 834 in
837 785 1273 836 deliberationibus
1305 787 1360 833 de
1394 787 1615 845 utilitate,
1644 787 1695 834 in
1727 787 1896 833 lauda-

237 868 442 916 tionibus
481 868 545 916 de
583 868 840 915 honestate
881 866 1176 925 disserimus,
1213 865 1279 913 ita
1321 871 1478 913 tamen
1515 874 1570 914 ut
1604 867 1894 928 plerumque

236 948 358 996 haec
394 946 500 1010 ipsa
534 946 584 994 in
617 946 775 994 vicem
812 945 1134 994 misceantur:
1177 946 1240 994 de
1264 945 1443 1008 quibus
1468 945 1669 1008 copiose
1694 954 1741 994 et
1765 945 1894 993 varie

165 1043 215 1072 10
236 1036 285 1076 et
320 1036 490 1075 ornate
524 1043 674 1075 nemo
721 1026 884 1075 dicere
930 1032 1103 1089 potest,
1143 1025 1236 1073 nisi
1274 1025 1359 1088 qui
1394 1025 1624 1089 cognovit
1670 1034 1893 1074 naturam

235 1108 503 1155 humanam
537 1106 708 1155 etvim
736 1106 968 1154 virtutum
1004 1104 1392 1168 pravitatemque
1415 1104 1644 1152 vitiorum
1678 1113 1727 1152 et
1758 1103 1894 1153 intel-

234 1189 416 1235 lectum
452 1203 636 1245 eorum,
665 1202 792 1249 quae
830 1201 923 1233 nec
960 1183 1012 1232 in
1052 1184 1310 1232 virtutibus
1349 1199 1441 1232 nec
1476 1182 1528 1231 in
1563 1183 1689 1231 vitiis
1726 1200 1892 1231 nume-

233 1275 409 1315 rantur.
484 1284 543 1315 ex
565 1266 641 1314 his
666 1265 885 1314 fontibus
910 1265 1058 1313 etiam
1083 1263 1164 1312 illa
1188 1265 1450 1327 profluunt,
1480 1272 1535 1312 ut
1559 1262 1747 1312 facilius
1772 1262 1892 1312 iram
1919 1277 1940 1315 3

234 1346 408 1396 iudicis
445 1348 523 1396 vel
558 1345 754 1409 instiget
793 1347 870 1394 vel
907 1344 1068 1404 leniat,
1097 1342 1182 1407 qui
1220 1343 1311 1392 scit
1348 1343 1468 1406 quid
1506 1343 1587 1403 ira,
1619 1343 1892 1406 promptius

166 1445 211 1486 ¹5
233 1428 299 1477 ad
334 1426 697 1476 miserationem
734 1425 964 1488 impellat,
993 1423 1078 1487 qui
1114 1423 1205 1472 scit
1237 1423 1357 1486 quid
1390 1422 1451 1471 sit
1480 1422 1812 1472 misericordia
1844 1431 1893 1471 et

234 1506 414 1570 quibus
432 1505 584 1555 animi
603 1505 818 1554 motibus
838 1503 1122 1563 concitetur.
1177 1503 1227 1550 in
1247 1503 1322 1550 his
1341 1503 1525 1551 artibus
1543 1502 1892 1551 exercitationi-
1914 1513 1940 1551 4

234 1587 426 1650 busque
450 1595 665 1635 versatus
690 1594 863 1644 orator,
892 1584 992 1633 sive
1016 1584 1149 1646 apud
1175 1582 1376 1631 infestos
1401 1582 1502 1630 sive
1525 1583 1660 1644 apud
1684 1581 1890 1644 cupidos

233 1667 335 1716 sive
371 1668 505 1730 apud
543 1665 805 1715 invidentis
844 1665 946 1713 sive
990 1665 1124 1727 apud
1166 1662 1311 1711 tristis
1359 1661 1459 1710 sive
1499 1663 1634 1725 apud
1675 1661 1890 1710 timentis

234 1747 502 1797 dicendum
527 1745 764 1805 habuerit,
793 1744 980 1794 tenebit
1004 1760 1152 1793 venas
1176 1742 1465 1802 animorum,
1495 1751 1543 1790 et
1567 1751 1712 1805 prout
1736 1741 1892 1790 cuius-

162 1848 211 1877 20
234 1845 331 1892 que
362 1837 535 1877 natura
565 1825 845 1891 postulabit,
873 1824 1132 1874 adhibebit
1166 1840 1370 1872 manum
1395 1832 1443 1872 et
1467 1823 1759 1886 temperabit
1788 1817 1892 1872 'ora-

234 1907 432 1968 tionem,
452 1917 620 1972 parato
635 1906 772 1957 omni
791 1907 1115 1955 instrumento
1131 1914 1180 1954 et
1197 1906 1262 1954 ad
1281 1920 1482 1954 omnem
1497 1920 1642 1952 usum
1660 1903 1887 1966 reposito.

234 1998 348 2038 sunt
384 1990 517 2052 apud
553 2005 678 2052 quos
713 1987 1000 2036 adstrictum
1037 1995 1086 2035 et
1121 1987 1383 2034 collectum
1419 1993 1468 2033 et
1503 1983 1693 2047 singula
1727 1984 1890 2031 statim
1915 1994 1937 2034 5

232 2077 518 2133 argumenta
559 2067 861 2117 concludens
902 2064 1102 2115 dicendi
1142 2069 1297 2128 genus
1337 2066 1447 2128 plus
1489 2063 1606 2112 fidei
1647 2072 1889 2112 meretur:

233 2150 367 2213 apud
403 2151 494 2198 hos
530 2148 727 2197 dedisse
763 2154 963 2210 operam
999 2144 1286 2194 dialecticae
1321 2143 1572 2207 proficiet.·
1628 2142 1748 2191 alios
1785 2145 1891 2190 fusa

162 2244 209 2284 25
234 2239 283 2279 et
314 2229 531 2292 aequalis
565 2238 614 2277 et
645 2245 704 2277 ex
739 2225 1086 2276 communibus
1119 2225 1269 2273 ducta
1297 2222 1521 2272 sensibus
1550 2222 1705 2270 oratio
1738 2221 1889 2285 magis

234 2310 476 2358 delectat:
513 2309 578 2356 ad
611 2309 701 2354 hos
738 2305 1097 2369 permovendos
1134 2301 1467 2351 mutuabimur
1497 2318 1527 2349 a
1558 2300 1890 2363 Peripateticis

233 2398 374 2452 aptos
394 2398 442 2438 et
460 2387 511 2436 in
530 2403 731 2436 omnem
747 2384 1131 2448 disputationem
1150 2390 1343 2445 paratos
1362 2381 1460 2430 iam
1478 2382 1627 2430 locos.
1701 2380 1892 2428 dabunt
1913 2382 1937 2420 6

234 2468 522 2518 Academici
558 2465 935 2530 pugnacitatem,
973 2465 1113 2511 Plato
1147 2460 1471 2520 altitudinem,
1503 2460 1788 2523 Xenophon
1824 2458 1891 2507 iu-

235 2548 537 2598 cunditatem
555 2565 569 2607 3
627 2564 690 2594 ne
739 2543 938 2608 Epicuri
985 2543 1187 2606 quidem
1239 2551 1288 2590 et
1336 2539 1609 2590 Metrodori
1660 2541 1889 2588 honestas
1962 2547 1964 2549 ’

164 2643 215 2681 30
237 2630 475 2692 quasdam
512 2626 890 2676 exclamationes
925 2624 1185 2672 adsumere
1219 2620 1389 2685 iisque,
1425 2628 1570 2684 prout
1604 2636 1679 2668 res
1715 2619 1885 2682 poscit,

291 2769 316 2806 3
346 2756 396 2794 iis
415 2754 513 2794 Put.
533 2768 542 2792 ι
572 2755 613 2792 in
636 2754 684 2793 iis
706 2751 818 2792 codd.
993 2764 1017 2798 4
1049 2755 1091 2787 et
1111 2748 1176 2787 D:
1208 2762 1257 2788 ac
1271 2753 1351 2789 cett.
1519 2760 1540 2796 7
1572 2748 1625 2786 de
1646 2745 1825 2785 utilitate
1845 2746 1886 2783 '111

235 2808 546 2848 laudationibus
575 2806 667 2846 add.
698 2806 874 2846 Ursinus
1070 2804 1096 2841 8
1124 2803 1199 2842 sed
1233 2803 1288 2840 ita
1319 2802 1380 2841 vel
1410 2801 1467 2840 ita
1498 2807 1639 2840 tamen
1673 2798 1890 2837 Acidalius

235 2875 263 2912 9
292 2863 382 2913 ipsa
401 2874 485 2902 om.
507 2860 597 2899 AB
765 2872 809 2898 11
842 2857 1105 2897 intellectum
1136 2856 1263 2894 habet
1289 2855 1472 2906 Schopen
1652 2866 1699 2901 14
1730 2852 1791 2890 ira
1819 2851 1885 2889 D:

237 2915 326 2954 irae
358 2919 465 2954 celt.:
509 2914 569 2953 ira
601 2920 644 2953 et
672 2913 720 2953 F.
747 2913 878 2961 Jacob
1150 2922 1196 2959 17
1227 2908 1543 2948 uersatusEV:
1580 2911 1773 2946 uersatur
1807 2909 1884 2943 cett.

203 2995 206 2999 -
242 2981 292 3019 19
320 2969 520 3018 cuiusque
546 2980 698 3007 causae
718 2965 834 3005 And.
1003 2976 1055 3014 23
1086 2963 1185 3002 fidei
1204 2962 1299 3001 Put.
1321 2975 1328 2999 :
1361 2962 1486 3000 fidem
1507 2960 1616 3000 codd.

264 3059 354 3086 uc.
379 3057 435 3084 m:
457 3056 583 3084 ORAT.
1753 3032 1780 3071 8
