2138 3470
894 158 1260 239 AGRICOLA

249 319 398 370 ceteri
439 318 684 380 Germani,
726 326 826 368 tarn
866 334 1017 383 quam
1054 334 1210 382 nuper
1250 315 1397 382 Usipi
1433 316 1743 382 reliquerunt.
1816 337 1908 369 nec

248 400 514 464 quicquam
546 402 671 450 ultra
701 399 1004 449 formidinis:
1039 416 1195 448 vacua
1225 400 1436 459 castella,
1464 415 1640 448 senum
1668 399 1904 459 coloniae,

249 480 375 530 inter
410 483 538 531 male
574 481 787 545 parentis
824 489 874 531 et
913 480 1092 529 iniuste
1132 479 1417 543 imperantis
1457 496 1602 543 aegra
1642 479 1909 543 municipia

251 569 300 610 et
330 560 673 611 discordantia.
746 561 827 610 hic
858 562 970 621 dux,
999 560 1080 609 hic
1111 560 1348 610 exercitus
1372 579 1382 609 ε
1417 559 1488 610 ibi
1516 560 1697 609 tributa
1730 569 1778 609 et
1813 578 1910 609 me-
1937 577 1957 616 5
1983 572 1990 580 ·

203 663 226 704 5
250 642 365 689 talla
396 650 445 690 et
478 651 669 691 ceterae
696 641 1010 691 servientium
1042 657 1245 705 poenae,
1274 657 1396 704 quas
1431 640 1483 689 in
1517 649 1772 690 aeternum
1809 657 1912 704 per-

249 721 374 770 ferre
406 730 492 770 aut
521 722 686 770 statim
721 721 890 770 ulcisci
917 721 969 770 in
997 723 1094 770 hoc
1122 737 1300 784 campo
1333 730 1418 770 est.
1492 720 1700 785 proinde
1724 720 1836 770 ituri
1859 720 1911 769 in

248 801 408 851 aciem
432 810 483 851 et
504 802 713 851 maiores
736 811 921 851 vestros
946 810 996 851 et
1019 807 1242 865 posteros
1267 800 1508 864 cogitate.’

320 885 570 946 Excepere
598 882 872 932 orationem
903 884 1099 941 alacres,
1128 890 1183 930 ut
1211 881 1429 930 barbaris
1455 881 1616 942 moris,
1645 890 1792 931 cantu
1826 883 1913 931 fre·
1937 891 2000 940 33

252 962 475 1027 mituque
493 971 542 1012 et
559 962 853 1012 clamoribus
877 961 1101 1011 dissonis.
1163 961 1361 1024 iamque
1385 961 1581 1024 agmina
1600 971 1649 1010 et
1666 979 1912 1011 armorum

180 1067 231 1095 10
252 1046 463 1107 fulgores
485 1042 824 1092 audentissimi
847 1039 1086 1105 cuiusque
1108 1058 1345 1105 procursu
1369 1060 1378 1090 :
1416 1041 1561 1090 simul
1586 1042 1914 1091 instruebatur

251 1123 394 1184 acieS,
429 1141 543 1173 cum
575 1123 803 1186 Agricola
837 1139 1139 1186 quamquam
1176 1124 1361 1171 laetum
1397 1131 1446 1171 et
1480 1122 1560 1170 vix
1596 1122 1912 1172 munimentis

251 1203 519 1254 coercitum
544 1204 749 1253 militem
780 1205 1158 1253 accendendum
1186 1205 1353 1252 adhuc
1385 1211 1529 1262 ratus,
1559 1202 1626 1251 ita
1659 1202 1913 1252 disseruit:

257 1284 522 1348 ‘septimus
556 1301 715 1333 annus
753 1293 838 1344 est,
877 1283 1252 1343 commilitones,
1293 1301 1353 1333 ex
1387 1299 1489 1346 quo
1528 1282 1704 1332 virtute
1740 1292 1910 1342 vestra,
1940 1302 1958 1329 2

251 1364 480 1428 auspiciis
520 1364 711 1429 imperii
747 1364 976 1424 Romani,
1015 1366 1114 1413 fide
1151 1373 1301 1428 atque
1336 1381 1487 1427 opera
1525 1372 1690 1413 nostra
1731 1363 1915 1412 Britan-

180 1463 227 1503 15
252 1444 386 1494 niam
419 1445 614 1494 vicistis.
686 1453 760 1494 tot
797 1444 1204 1509 expeditionibus,
1245 1453 1318 1493 tot
1355 1443 1565 1507 proeliis,
1606 1461 1693 1493 seu
1731 1444 1915 1493 fortitu-

251 1525 369 1574 dine
392 1526 623 1575 adversus
647 1524 802 1574 hostis
827 1541 914 1574 seu
938 1524 1173 1588 patientia
1203 1541 1262 1573 ac
1291 1524 1459 1574 labore
1492 1541 1649 1588 paene
1681 1525 1912 1589 adversus

251 1605 409 1669 ipsam
444 1623 604 1655 rerum
639 1614 863 1654 naturam
896 1622 1020 1669 opus
1054 1604 1157 1665 fuit,
1186 1621 1349 1668 neque
1386 1621 1466 1654 me
1503 1604 1714 1653 militum
1750 1621 1914 1668 neque

251 1702 338 1735 vos
374 1686 513 1735 ducis
548 1686 799 1750 paenituit.
872 1702 987 1749 ergo
1023 1685 1214 1749 egressi,
1244 1702 1336 1749 ego
1371 1694 1590 1734 veterum
1626 1687 1909 1749 legatorum,
1939 1701 1962 1740 3

251 1783 338 1816 vos
386 1766 601 1832 priorum
648 1766 947 1816 exercituum
996 1759 1243 1826 terminos,
1289 1767 1439 1815 finem
1483 1765 1764 1815 Britanniae
1810 1783 1912 1815 non

179 1866 228 1895 20
251 1849 381 1897 fama
417 1864 510 1897 nec
550 1864 756 1907 rumore,
801 1849 890 1896 sed
927 1846 1094 1896 castris
1137 1855 1186 1896 et
1222 1846 1368 1895 armis
1407 1855 1662 1896 tenemus:
1716 1846 1914 1895 inventa

251 1928 502 1978 Britannia
537 1938 586 1978 et
621 1929 837 1978 subacta.
913 1927 1144 1992 equidem
1183 1943 1329 1991 saepe
1361 1926 1412 1975 in
1444 1926 1651 1990 agmine,
1680 1943 1793 1975 cum
1825 1943 1912 1976 vos
1935 1949 1962 1988 4

250 2010 454 2073 paludes
487 2018 741 2058 montesve
773 2018 822 2058 et
856 2008 1060 2057 flumina
1090 2007 1357 2071 fatigarent,
1391 2006 1640 2056 fortissimi
1674 2006 1913 2070 cuiusque

249 2106 396 2138 voces
430 2089 723 2138 audiebam:
766 2091 1010 2152 “Quando
1048 2088 1244 2138 dabitur
1274 2087 1441 2148 hostis,
1470 2088 1672 2150 quando
1706 2087 1911 2136 acies?''

250 2169 464 2230 veniunt,
493 2187 521 2219 e
551 2169 748 2219 latebris
781 2169 879 2219 suis
913 2168 1103 2229 extrusi,
1134 2178 1182 2218 et
1213 2177 1328 2217 vota
1359 2167 1608 2231 virtusque
1639 2167 1691 2216 in
1725 2176 1906 2232 aperto,

178 2268 226 2308 25
251 2249 515 2313 omniaque
538 2267 693 2314 prona
710 2250 974 2300 victoribus
999 2259 1147 2313 atque
1173 2250 1348 2298 eadem
1372 2248 1511 2297 victis
1530 2250 1744 2297 adversa.
1794 2265 1909 2297 nam
1934 2263 1956 2303 5

250 2339 305 2379 ut
344 2348 597 2395 superasse
634 2341 825 2381 tantum
863 2331 1058 2391 itineris,
1103 2330 1245 2380 silvas
1285 2329 1506 2389 evasisse,
1549 2328 1777 2378 transisse
1811 2346 1911 2378 aes-

249 2412 403 2461 tuaria
443 2415 701 2476 pulchrum
748 2430 806 2462 ac
853 2415 1088 2463 decorum
1136 2412 1187 2460 in
1235 2414 1459 2469 frontem,
1504 2409 1572 2458 ita
1612 2409 1910 2472 fugientibus

250 2492 659 2555 periculosissima
695 2512 821 2559 quae
857 2494 1007 2545 hodie
1043 2493 1367 2559 prosperrima
1405 2500 1553 2551 sunt,
1587 2507 1750 2553 neque
1779 2490 1909 2539 enim

250 2572 393 2622 nobis
421 2583 506 2623 aut
537 2577 758 2624 locorum
790 2578 965 2626 eadem
997 2575 1170 2626 notitia
1207 2584 1292 2624 aut
1330 2581 1696 2624 commeatuum
1735 2573 1910 2620 eadem

177 2671 227 2710 30
248 2653 563 2715 abundantia,
592 2658 679 2705 sed
704 2673 877 2706 manus
911 2666 959 2707 et
986 2674 1121 2706 arma
1153 2665 1201 2705 et
1232 2655 1283 2704 in
1315 2655 1390 2704 his
1424 2653 1603 2703 omnia.
1678 2653 1813 2715 quod
1845 2652 1909 2699 ad
1932 2655 1957 2694 6

250 2750 329 2782 me
363 2734 549 2795 attinet,
577 2735 675 2785 iam
711 2736 901 2801 pridem
938 2737 1058 2786 mihi
1089 2738 1342 2786 decretum
1366 2744 1450 2809 ⁸est
1483 2752 1646 2798 neque
1672 2731 1908 2782 exercitus

308 2878 325 2904 1
358 2865 483 2916 usipii
504 2872 540 2905 Δ
708 2880 785 2907 nec
804 2867 1028 2917 quicquam
1049 2867 1166 2907 Put.:
1200 2867 1479 2917 nequicquam
1500 2872 1549 2906 I':
1586 2879 1850 2916 nequaquam
1872 2870 1907 2903 Δ

249 2931 275 2968 3
305 2924 414 2959 tetra
435 2920 641 2971 mancipia
661 2924 722 2959 ΓΠ)
891 2934 950 2960 10.
972 2920 1268 2960 instituebatur
1286 2921 1339 2961 al.
1363 2925 1425 2959 rm
1594 2935 1637 2960 11
1671 2920 1841 2959 monitis
1861 2919 1908 2957 Γι

219 3008 222 3011 .
254 2985 302 3021 13
331 2973 536 3023 septimus
555 2973 796 3014 Aa‘dalius:
827 2981 1002 3014 octauus
1033 2974 1143 3014 codd.
1271 2980 1413 3014 vestra
1432 2973 1677 3026 Nipperdey:
1723 2981 1766 3014 et
1797 2971 1905 3014 codd.

250 3038 302 3075 23
331 3027 445 3066 acies
478 3028 636 3067 Rhen.:
668 3029 832 3068 animus
853 3029 962 3068 codd.
1128 3042 1179 3078 27
1209 3029 1266 3068 ita
1287 3028 1446 3068 Rhen.:
1478 3030 1577 3068 item
1599 3028 1710 3085 codd.
