2138 3470
745 138 1090 189 CORNELII
1127 138 1371 187 TACITI

176 290 198 329 3
225 281 332 327 tum
367 279 527 342 „docet
573 278 832 326 advectam
879 276 1179 340 religionem.
1253 285 1471 326 ceterum
1517 293 1612 326 nec
1657 276 1891 332 cohibere

213 356 492 421 „parietibus
530 359 652 407 deos
693 374 857 421 neque
894 357 945 406 in
983 359 1135 411 ullam
1172 356 1378 406 humani
1418 356 1514 407 oris
1552 356 1768 421 speciem
1807 359 1892 408 ad-

225 437 454 488 simulare
489 455 549 488 ex
584 437 925 502 magnitudine
960 437 1247 487 caelestium
1287 437 1608 487 arbitrantur:
1655 439 1794 492 lucos
1831 455 1891 492 ac

214 535 429 579 „nemora
463 528 755 569 consecrant
790 521 1099 583 deorumque
1134 518 1421 569 nominibus
1455 520 1706 584 appellant
1735 535 1891 572 secre-

208 608 331 649 -tum
355 599 491 660 illud,
519 602 657 664 quod
681 602 787 650 sola
810 600 1081 652 reverentia
1103 599 1286 649 vident.
1912 615 1935 656 5

137 696 196 738 10
291 680 529 745 Auspicia
569 690 823 745 sortesque
863 690 919 731 ut
959 681 1046 745 qui
1086 681 1299 736 maxime
1339 681 1631 731 observant:
1683 680 1889 732 sortium

223 763 535 811 consuetudo
571 761 790 826 simplex.
863 760 1048 826 virgam
1086 760 1342 825 frugiferae
1379 760 1541 817 arbori
1577 760 1796 811 decisam
1836 761 1889 811 in

167 857 169 859 ·
210 843 444 891 -surculos
467 851 727 906 amputant
759 858 946 905 eosque
978 840 1108 891 notis
1141 841 1442 905 quibusdam
1474 840 1711 891 discretos
1743 858 1890 906 super

171 942 189 969 2
219 922 486 972 candidam
533 931 721 972 vestem
768 931 952 972 temere
998 939 1057 971 ac
1103 921 1305 973 fortuito
1356 931 1602 986 spargunt.
1674 938 1804 983 mox,
1847 921 1889 971 si

219 1002 419 1066 publice
459 1005 778 1064 consultetur,
827 1005 1057 1054 sacerdos
1104 1002 1326 1064 civitatis,
1376 1003 1452 1052 sin
1498 1002 1738 1066 privatim,
1781 1002 1888 1067 ipse
1911 1017 1963 1048 ιο

218 1093 356 1148 pater
409 1084 636 1146 familiae,
686 1093 911 1149 precatus
970 1085 1093 1134 deos
1147 1085 1441 1148 caelumque
1492 1083 1764 1147 suspiciens
1814 1093 1888 1134 ter

218 1165 437 1228 singulos
475 1165 616 1226 tollit,
655 1165 875 1215 sublatos
908 1166 1195 1219 secundum
1232 1164 1521 1228 impressam
1558 1173 1674 1214 ante
1714 1173 1885 1214 notam

167 1267 189 1306 3
218 1245 574 1310 interpretatur.
647 1246 689 1296 si
720 1246 1093 1310 prohibuerunt,
1125 1247 1261 1295 nulla
1296 1247 1360 1296 de
1395 1247 1572 1295 eadem
1606 1262 1658 1295 re
1685 1244 1737 1294 in
1769 1262 1886 1296 eun-

217 1329 334 1376 dem
371 1327 504 1376 diem
540 1327 837 1380 consultatio
854 1345 868 1388 3
914 1326 990 1376 sin
1025 1325 1334 1390 permissum,
1360 1325 1692 1390 auspiciorum
1719 1326 1886 1378 adhuc

216 1409 340 1458 fides
379 1407 595 1471 exigitur.
668 1416 717 1458 et
757 1407 880 1458 illud
926 1406 1131 1471 quidem
1172 1406 1322 1456 etiam
1362 1406 1445 1456 hic
1490 1415 1680 1467 notum,
1701 1399 1885 1456 *avium
1911 1422 1969 1464 15,

215 1504 364 1542 voces
410 1490 703 1552 volatusque
749 1488 1075 1552 interrogare:
1139 1486 1392 1552 proprium
1438 1486 1597 1552 gentis
1644 1503 1884 1551 equorum

163 1592 187 1632 4
216 1585 418 1633 quoque
464 1568 716 1632 praesagia
760 1585 820 1618 ac
866 1568 1085 1619 monitus
1132 1567 1349 1632 experiri.
1444 1567 1644 1632 publice
1689 1569 1886 1621 aluntur

214 1649 375 1706 isdem
410 1650 696 1700 nemoribus
732 1667 791 1700 ac
825 1650 962 1711 luciS,
1003 1649 1204 1701 candidi
1245 1659 1293 1699 et
1335 1651 1472 1699 nullo
1507 1649 1701 1699 mortali
1735 1666 1886 1714 opere

215 1730 463 1792 contacti3
514 1747 640 1795 quos
686 1748 881 1796 pressos
923 1747 1062 1781 sacro
1109 1748 1252 1780 curru
1300 1732 1529 1780 sacerdos
1579 1747 1638 1780 ac
1684 1747 1766 1780 rex
1805 1732 1884 1780 vel

214 1811 443 1876 princeps
481 1811 689 1862 civitatis
731 1812 1028 1862 comitantur
1065 1811 1386 1876 hinnitusque
1426 1828 1484 1861 ac
1530 1811 1751 1861 fremitus
1797 1811 1883 1861 ob·
1906 1829 1956 1858 20

163 1910 184 1950 5
215 1901 421 1942 servant.
495 1909 588 1942 nec
628 1892 715 1942 ulli
761 1893 983 1957 auspicio
1024 1893 1180 1942 maior
1227 1894 1364 1953 fides,
1405 1909 1507 1942 non
1546 1893 1706 1942 solum
1747 1893 1882 1956 apud

213 1973 428 2036 plebem,
478 1974 567 2022 sed
613 1976 747 2037 apud
799 1991 1040 2038 procereS,
1090 1975 1225 2038 apud
1280 1975 1560 2023 sacerdotes
1577 1991 1591 2034 3
1648 1990 1701 2023 se
1747 1972 1881 2023 enim

213 2053 463 2103 ministros
502 2055 724 2115 deorum,
763 2054 872 2105 illos
915 2055 1142 2105 conscios
1192 2064 1379 2118 putant.
1454 2063 1617 2104 est-et
1662 2053 1757 2104 alia
1797 2055 1882 2105 ob-

211 2135 420 2191 servatio
452 2135 799 2199 auspiciorum,
827 2152 926 2200 qua
958 2135 1178 2200 gravium
1212 2137 1454 2185 bellorum
1483 2144 1687 2185 eventus
1719 2137 1881 2199 explo-

162 2227 187 2267 6
211 2227 330 2266 rant.
427 2216 532 2266 eius
573 2216 731 2280 gentis
773 2234 887 2266 curn
924 2234 1024 2281 qua
1058 2218 1245 2267 bellum
1283 2226 1356 2266 est
1391 2215 1640 2279 captivum
1675 2231 1880 2280 quoquo
1905 2233 1952 2275 ²5

212 2300 365 2348 modo
400 2298 727 2362 interceptum
764 2316 878 2348 cum
916 2301 1075 2348 electo
1116 2297 1427 2362 popularium
1464 2313 1679 2359 suorum,
1713 2296 1879 2360 patriis

211 2396 461 2443 quemque
502 2379 663 2439 armis,
706 2380 1053 2430 committunt:
1098 2379 1302 2429 victoria
1334 2378 1480 2427 huius
1518 2378 1596 2427 vel
1634 2376 1762 2427 illius
1789 2394 1879 2441 pro

210 2459 512 2522 praeiudicio
536 2460 785 2525 accipitur.

140 2560 186 2594 11
280 2543 358 2589 De
395 2540 666 2591 minoribus
704 2545 850 2593 rebus
890 2543 1135 2607 principes
1172 2543 1467 2601 consultant,
1507 2541 1571 2590 de
1611 2538 1878 2589 maioribus

211 2637 398 2680 omneS,
443 2621 510 2670 ita
556 2632 722 2674 tamen
771 2635 825 2674 ut
868 2642 926 2674 ea
967 2641 1181 2688 quoque,
1223 2639 1433 2687 quorum
1480 2637 1632 2684 penes
1679 2619 1877 2683 plebem
1902 2636 1953 2676 30

163 2724 182 2751 2
209 2701 462 2750 arbitrium
501 2714 587 2764 est,
625 2708 759 2768 apud
797 2705 1043 2768 principes
1079 2712 1475 2768 praetractentur.
1550 2710 1745 2761 coeunt,
1784 2699 1878 2749 nisi

270 2845 319 2872 10
349 2832 614 2872 consultetur
635 2831 795 2873 Halm:
839 2831 1087 2872 consuletur
1112 2830 1223 2871 codd.
1390 2842 1442 2868 22
1472 2829 1547 2868 sed
1577 2828 1643 2869 D:
1686 2840 1768 2869 om.
1793 2831 1875 2868 cett.

211 2887 321 2937 apud
342 2888 616 2937 sacerdote53
647 2887 714 2939 se]
738 2887 982 2928 sacerdotes
1008 2885 1188 2936 Ψόζθίίη
1362 2897 1414 2934 23
1443 2883 1548 2923 istos
1567 2882 1669 2921 ΑΒι
1824 2894 1877 2932 24

211 2941 486 2991 explorantur
507 2940 573 2980 B:
605 2940 850 2991 exploratur
869 2940 974 2979 AB²
1151 2951 1201 2990 31
1234 2943 1575 2990 praetractentur
1597 2935 1751 2978 CDW:
1782 2947 1877 2988 per-

211 3002 448 3035 tractentur
467 3000 549 3036 cett.
