2132 3464
655 757 1135 856 CORNELII
1194 788 1512 854 TACITl

785 973 1392 1083 GERMANIA

322 1195 614 1244 GERMANIA
646 1193 807 1244 omnis
831 1210 861 1243 a
885 1193 1038 1243 Gallis
1073 1192 1342 1257 Raetisque
1365 1201 1414 1242 et
1439 1190 1708 1242 Pannoniis
1734 1193 1915 1243 Rheno
1941 1211 1963 1245 1

254 1282 303 1323 et
340 1274 570 1324 Danuvio
604 1273 904 1335 fluminibuS‚
946 1291 977 1327 a
1011 1273 1242 1324 Sarmatis
1281 1272 1532 1336 Dacisque
1570 1282 1744 1331 mutuo
1780 1282 1916 1323 metu

253 1363 339 1404 aut
374 1355 626 1405 montibus
662 1364 939 1420 separatur:
981 1365 1143 1405 cetera
1178 1356 1409 1410 Oceanus
1433 1354 1602 1415 ambit,
1630 1356 1754 1407 latos
1780 1355 1917 1426 sinus

254 1443 304 1484 et
339 1435 609 1486 insularum
657 1435 883 1487 inmensa
923 1435 1080 1500 spatia
1122 1438 1471 1500 complectens,
1510 1452 1667 1499 nuper
1711 1435 1920 1499 cognitis

208 1541 230 1582 5
254 1515 552 1580 quibusdam
615 1516 842 1579 gentibus
899 1533 958 1565 ac
1015 1516 1222 1580 regibus,
1284 1533 1410 1580 quos
1469 1516 1654 1565 bellurn
1716 1517 1917 1580 aperuit.

255 1598 477 1658 RhenuS,
506 1597 819 1647 Raeticarum
845 1597 1047 1661 Alpium
1086 1598 1338 1647 inaccesso
1371 1614 1431 1647 ac
1463 1597 1716 1661 praecipiti
1742 1598 1922 1648 vertice
1943 1623 1969 1659 3·

254 1687 402 1739 ortus,
452 1679 651 1729 modico
698 1681 826 1729 flexu
873 1678 924 1728 in
971 1679 1283 1730 occidentem
1332 1696 1498 1728 versus
1554 1679 1922 1744 septentrionali

253 1761 460 1810 Oceano
483 1760 725 1810 miscetur.
778 1760 1035 1813 Danuvius
1055 1760 1192 1810 molli
1212 1770 1261 1810 et
1286 1763 1553 1811 clementer
1578 1761 1712 1812 edito
1739 1761 1920 1811 montis
1946 1779 1968 1819 3

252 1842 498 1892 Abnobae
522 1841 636 1906 iugo
655 1843 837 1891 effusus
861 1842 1011 1905 pluris
1030 1844 1241 1907 populos
1261 1842 1378 1903 adit,
1397 1844 1560 1892 donec
1578 1842 1629 1891 in
1657 1843 1918 1898 Ponticum

185 1945 233 1973 10
253 1934 387 1972 mare
443 1939 528 1972 sex
585 1922 827 1973 meatibus
885 1932 1138 1987 erumpat:
1213 1923 1478 1987 septimum
1538 1940 1594 1973 os
1655 1923 1918 1987 paludibus

252 2002 482 2053 hauritur.

319 2085 464 2147 Ipsos
489 2085 762 2134 Germanos
787 2084 1042 2150 indigenas
1067 2085 1358 2136 crediderim
1386 2085 1688 2150 minimeque
1713 2086 1916 2136 aliarum
1939 2103 1970 2141 2

249 2163 471 2227 gentium
493 2165 787 2215 adventibus
817 2175 866 2215 et
895 2165 1119 2230 hospitiis
1153 2166 1343 2227 mixtos,
1373 2167 1489 2230 quia
1525 2184 1618 2216 nec
1651 2176 1776 2216 terra
1799 2167 1917 2218 olim

251 2248 340 2296 sed
364 2246 601 2296 classibus
624 2248 995 2296 advehebantur
1018 2247 1103 2311 qui
1129 2257 1318 2297 mutare
1348 2251 1491 2299 sedes
1526 2249 1842 2312 quaerebant,
1869 2256 1918 2297 et

180 2346 228 2389 15
251 2325 503 2376 inmensus
527 2329 652 2377 ultra
676 2337 828 2391 utque
853 2328 922 2378 sic
946 2328 1150 2378 dixerim
1175 2331 1407 2380 adversus
1435 2331 1666 2380 Oceanus
1699 2329 1816 2379 raris
1850 2330 1915 2379 ab

250 2408 370 2457 orbe
393 2417 562 2458 nostro
586 2408 792 2458 navibus
824 2409 997 2458 aditur.
1070 2409 1180 2473 quis
1216 2426 1375 2473 porro,
1415 2420 1605 2474 praeter
1642 2410 1912 2474 periculum
1938 2429 1958 2456 2

249 2488 434 2539 horridi
470 2498 520 2538 et
559 2488 713 2552 ignoti
754 2489 913 2549 maris,
951 2489 1071 2538 Asia
1109 2499 1195 2540 aut
1229 2491 1395 2540 Africa
1435 2500 1520 2541 aut
1564 2491 1707 2541 Italia
1748 2491 1915 2541 relicta

301 2615 510 2656 Trrurus.
581 2617 767 2656 Cornelii
810 2617 875 2670 (C.
913 2617 1100 2657 Cornelii
1141 2617 1233 2665 CD)
1276 2619 1409 2658 Taciti
1451 2620 1504 2660 de
1543 2621 1707 2670 origine
1751 2626 1793 2660 et
1830 2621 1912 2660 situ

249 2669 558 2709 Germanorum
588 2670 860 2723 (Germaniae
882 2670 933 2722 C)
964 2671 1245 2712 liberACD:
1278 2673 1470 2714 Cornelii
1499 2673 1633 2714 Taciti
1663 2674 1718 2714 de
1750 2674 1914 2724 origine

247 2723 331 2763 situ
351 2725 538 2764 moribus
557 2737 606 2764 ac
626 2725 793 2775 populis
815 2720 1124 2765 Germanorum
1145 2725 1252 2766 liber
1270 2725 1313 2765 Β

305 2849 323 2874 1
356 2837 588 2888 Raetisque
611 2838 831 2878 cellarius:
859 2839 1088 2889 raetiisque
1110 2837 1227 2891 (ret-,
1249 2839 1361 2880 rhet·
1347 2841 1382 2895 -)
1403 2840 1514 2883 codd.
1667 2855 1693 2882 2
1723 2842 1908 2882 danubio

247 2890 375 2929 ,ΑΒΕ
567 2894 595 2930 6
625 2891 868 2931 Reticarum
897 2892 972 2932 A:
1013 2893 1267 2933 rheticarum
1297 2893 1340 2932 Β
1529 2896 1555 2933 8
1583 2896 1791 2935 danubius
1822 2894 1910 2971 ΑΒ

185 2980 187 2984 ⁴
247 2956 277 2993 9
303 2943 508 2984 Abnobae
528 2943 688 2986 Rheno
678 2960 688 2985 ε
718 2946 883 2986 abnobe
903 2946 975 2988 H.
1006 2947 1194 2987 arnobae
1212 2947 1276 2987 vel
1291 2948 1476 3005 arbonae
1497 2953 1576 2988 cett.
1660 2965 1661 2968 ¹

1786 3012 1901 3049 1*‘·
