2138 3470
780 168 1126 217 CORNELII
1163 166 1408 216 TACITI

263 309 475 357 multum
509 325 540 357 a
577 306 829 356 Britannia
860 305 1121 355 differunt:
1157 298 1209 354 in
1241 321 1265 349 *
1299 324 1323 351 *
1357 324 1382 351 ιιι
1415 305 1592 355 melius
1621 306 1786 356 aditus
1820 323 1929 371 por-

216 406 239 444 3
262 398 442 453 tusque
465 405 552 453 per
576 387 873 438 commercia
897 396 946 436 et
970 386 1298 450 negotiatores
1322 387 1519 451 cogniti.
1593 387 1822 451 Agricola
1853 406 1930 438 ex-

263 472 462 535 pulsum
486 469 729 519 seditione
753 468 1026 517 domestica
1043 485 1200 517 unum
1219 485 1278 517 ex
1295 464 1472 532 regulis
1491 468 1649 531 gentis
1673 478 1929 533 exceperat

262 568 322 600 ac
357 550 522 615 specie
553 549 798 599 amicitiae
829 549 880 597 in
916 548 1230 598 occasionem
1266 549 1519 598 retinebat.
1592 566 1740 613 saepe
1774 567 1835 599 ex
1868 566 1930 598 eo

263 631 431 681 audivi
458 630 652 694 legione
681 646 780 679 una
815 638 864 679 et
899 630 1108 680 modicis
1143 629 1333 679 auxiliis
1362 630 1598 692 debellari
1622 630 1934 695 obtinerique·
1955 649 1978 689 5

266 712 563 763 Hiberniam
604 728 781 776 posse3
828 711 981 775 idque
1018 711 1167 761 etiam
1207 713 1440 761 adversus
1483 711 1787 761 Britanniam
1826 729 1934 776 pro-

265 797 496 854 futurum,
541 793 583 842 si
630 795 860 842 Romana
900 792 1087 857 ubique
1132 809 1268 842 arma
1314 802 1363 843 et
1410 795 1543 849 velut
1589 809 1617 842 e
1662 801 1933 871 conspectu

264 875 463 925 libertas
499 876 759 923 tolleretur.
1102 870 1111 875 “

177 967 241 1015 25
335 959 569 1007 Ceterum
610 964 807 1021 aestate,
853 972 952 1019 qua
998 964 1192 1004 sextum
1233 955 1382 1004 officii
1421 972 1609 1004 annum
1650 955 1932 1015 inchoabat,

267 1040 522 1102 amplexus
560 1036 781 1086 civitates
817 1046 949 1085 trans
987 1030 1276 1086 Bodotriam
1312 1036 1442 1097 sitaS,
1481 1036 1597 1099 quia
1632 1045 1796 1085 motus
1832 1035 1936 1085 uni·
1961 1054 2012 1083 10

268 1136 517 1168 versatum
549 1120 675 1167 ultra
702 1117 924 1181 gentium
956 1126 1005 1166 et
1033 1117 1210 1166 infesta
1242 1117 1468 1166 hostibus
1496 1117 1735 1167 exercitus
1763 1116 1936 1167 itinera

269 1186 582 1267 timebantur,
610 1207 780 1262 portus
812 1200 969 1247 classe
1003 1197 1303 1262 exploravit3
1337 1215 1466 1270 quae
1496 1199 1560 1247 ab
1590 1197 1819 1261 Agricola
1846 1197 1938 1262 pri-

270 1298 409 1331 mum
432 1282 697 1344 adsumpta
720 1279 772 1328 in
797 1288 986 1344 partem
1010 1278 1187 1346 virium
1220 1279 1518 1343 sequebatur
1541 1266 1733 1342 egregia
1755 1278 1934 1343 specie,

270 1380 386 1413 cum
418 1362 565 1412 simul
593 1370 731 1422 terra,
768 1360 914 1410 simul
947 1360 1069 1409 mari
1097 1361 1285 1410 bellum
1317 1350 1660 1424 impelleretur,
1695 1348 1755 1409 ac
1789 1376 1939 1424 saepe

269 1445 430 1494 isdem
455 1442 623 1493 castris
647 1443 800 1506 pedes
825 1458 1077 1505 equesque
1109 1450 1159 1491 et
1190 1440 1417 1491 nauticus
1449 1441 1588 1490 miles
1620 1440 1759 1490 mixti
1781 1440 1937 1505 copiis
1964 1459 2012 1500 15

271 1534 320 1575 et
344 1524 529 1574 laetitia
553 1540 642 1574 sua
666 1523 876 1587 quisque
899 1525 1040 1583 facta,
1069 1538 1186 1572 suos
1211 1539 1354 1572 casus
1385 1524 1676 1583 attollerent,
1701 1538 1762 1571 ac
1785 1522 1940 1582 modo
1946 1542 2077 1579 „A

272 1606 503 1655 silvarum
527 1622 587 1654 ac
611 1603 855 1654 montium
880 1605 1139 1668 profunda,
1167 1605 1322 1654 modo
1354 1593 1704 1668 tempestatum
1734 1619 1795 1652 ac
1825 1603 1942 1652 fluc-

272 1697 413 1737 tuum
456 1687 674 1746 adversa,
719 1684 836 1734 hinc
860 1694 1003 1750 ¹terra
1041 1695 1091 1734 et
1131 1684 1301 1746 hostis,
1347 1683 1464 1738 hinc
1503 1683 1668 1758 victus!
1707 1684 1940 1734 Oceanus

226 1787 245 1814 2
274 1767 468 1817 militari
505 1766 736 1816 iactantia
771 1775 1182 1858 compararentur.
1258 1764 1519 1839 Britannos
1555 1753 1768 1832 quoque,
1794 1773 1852 1814 ut
1881 1781 1942 1814 ex

273 1848 477 1913 captivis
520 1847 825 1907 audiebatur,
861 1846 965 1896 visa
1001 1847 1170 1896 classis
1207 1834 1644 1910 obstupefacdebat‚
1686 1854 1940 1909 tamquam
1967 1864 2019 1893 20

273 1939 443 1994 aperto
471 1928 616 1978 maris
642 1927 716 1977 sui
749 1937 937 1977 secreto
967 1927 1196 1977 ultimum
1220 1927 1360 1977 victis
1392 1910 1667 1991 perfugium
1695 1928 1943 1976 claudere-

229 2029 250 2068 3
274 2022 363 2061 tur.
438 2012 503 2060 ad
552 2026 727 2058 manus
769 2019 818 2058 et
857 2026 993 2058 arma
1034 2008 1258 2059 conversi
1299 2008 1625 2061 Caledoniam
1670 2007 1943 2058 incolentes

274 2092 458 2158 populi,
487 2100 659 2155 paratu
695 2107 888 2154 magn0,
917 2090 1102 2140 maiore
1133 2093 1276 2151 fama,
1312 2090 1384 2140 uti
1416 2106 1525 2140 mos
1554 2098 1629 2139 est
1655 2091 1722 2140 de
1747 2088 1936 2153 ignotis,

275 2175 561 2238 obpugnare
587 2174 715 2222 ultro
740 2174 940 2222 castella
970 2172 1142 2234 adorti,
1171 2181 1360 2222 metum
1383 2181 1438 2221 ut
1461 2180 1785 2237 provocantes
1807 2170 1945 2221 addi-

275 2258 483 2316 derant;
520 2250 998 2318 regrediendumque
1033 2254 1153 2304 citra
1189 2254 1478 2304 Bodotriam
1515 2262 1565 2303 et
1601 2242 1943 2310 excedendum
1970 2269 2018 2309 25

276 2337 440 2402 potius
479 2353 629 2400 quarn
671 2338 968 2400 pellerentur
1007 2336 1169 2400 ignavi
1211 2335 1375 2400 specie
1391 2326 1732 2399 'prudentium
1776 2334 1947 2383 admo-

277 2419 474 2477 nebant,
521 2434 635 2466 cum
679 2417 873 2467 interim
915 2418 1178 2482 cognoscit
1209 2417 1365 2467 hostis
1405 2415 1627 2481 pluribus
1665 2413 1945 2479 agminibus

230 2517 256 2557 4
279 2499 570 2562 inrupturOS.
645 2516 704 2548 ac
746 2517 809 2549 ne
856 2508 1119 2564 superante
1158 2515 1367 2548 numero
1412 2506 1462 2547 et
1507 2495 1678 2561 peritia
1723 2497 1945 2544 locorum

282 2579 627 2639 circumiretur,
658 2580 817 2630 diviso
842 2591 891 2630 et
915 2581 1020 2645 ipse
1045 2580 1095 2629 in
1120 2580 1204 2629 tris
1229 2588 1389 2643 partes
1414 2577 1627 2628 exercitu
1651 2576 1862 2626 incessit.

193 2668 261 2715 26
351 2661 503 2721 Quod
540 2660 624 2708 ubi
664 2661 917 2724 cognitum
954 2661 1097 2721 hosti,
1137 2669 1327 2710 mutato
1367 2668 1569 2723 repente
1602 2657 1809 2707 consilio
1844 2657 1948 2707 uni·
1973 2671 2024 2711 30

343 2803 359 2828 1
395 2791 595 2829 differunt
629 2792 789 2831 Rhea:
832 2792 973 2831 differt
1001 2792 1042 2830 in
1071 2791 1221 2831 melius
1241 2789 1377 2830 codd.:
1418 2790 1612 2829 lacunam
1642 2787 1791 2827 indicat
1818 2787 1953 2827 Ritter

284 2860 309 2885 2
340 2844 437 2896 per]
470 2850 513 2883 et
542 2851 577 2883 Δ
724 2858 766 2883 11
800 2846 993 2885 hostibus
1024 2846 1191 2886 Becker:
1227 2844 1392 2883 hostilis
1412 2842 1547 2882 codd.:
1584 2842 1726 2881 hostili
1756 2842 1946 2882 exercitu

285 2899 419 2939 Rlaeen.
611 2912 658 2938 12
690 2900 944 2939 timebantur
964 2900 1088 2940 Put.:
1121 2899 1322 2939 timebant
1342 2897 1452 2938 codd.
1583 2909 1629 2945 14
1660 2897 1948 2947 impelleretur

285 2954 416 2993 Rhen.
437 2968 446 2992 ε
487 2953 714 3004 impellitur
735 2953 843 2993 codd.
957 2967 1009 2993 22
1040 2954 1303 2994 Calidoniam
1324 2952 1548 2991 incolentis
1572 2949 1679 2990 codd.
1791 2964 1844 3000 24
1875 2963 1945 3002 op·

286 3021 478 3058 pugnare
500 3007 631 3047 Rhen.
650 3022 656 3044 :
691 3020 963 3058 oppugnasse
984 3007 1091 3047 codd.
1259 3006 1475 3046 castellum
1496 3005 1542 3044 Γ2
