2138 3470
783 171 1129 225 CORNELII
1166 173 1410 225 TACITI

264 329 428 377 neque
451 311 592 363 ducis
618 321 752 376 terga
775 301 881 362 tuta
904 329 1023 363 esse.
1097 311 1305 377 proinde
1334 320 1382 362 et
1414 313 1623 363 honesta
1647 329 1778 363 mors
1803 309 1932 377 turpi

264 392 363 442 vita
377 392 550 458 potior,
570 402 619 443 et
643 392 955 442 incolumitas
973 410 1032 442 ac
1051 394 1204 443 decus
1224 394 1403 443 eodem
1421 395 1534 443 loco
1552 393 1644 443 sita
1662 402 1777 443 sunt
1793 411 1808 455 ;
1838 410 1933 442 nec

264 472 525 537 inglorium
549 473 694 523 fuerit
718 473 768 522 in
793 472 902 538 ipso
926 482 1160 522 terrarum
1184 491 1244 523 ac
1267 482 1470 523 naturae
1494 475 1593 523 fine
1615 473 1883 524 cecidisse.'

175 563 241 610 34
337 554 414 604 ‘Si
446 571 605 603 novae
635 557 818 617 gentes
841 562 991 617 atque
1025 553 1194 617 ignota
1221 553 1351 603 acies
1380 554 1691 616 constitisset,
1725 554 1933 604 aliorum

266 634 568 684 exercituum
605 633 840 697 exemplis
876 650 964 683 vos
1000 635 1246 684 hortarer:
1287 651 1424 683 nunc
1457 643 1617 684 vestra
1650 636 1831 686 decora
1865 653 1934 684 re·
1957 653 1980 693 5

266 723 477 775 censete,
513 718 701 764 vestros
737 717 909 764 oculos
937 714 1245 779 interrogate.
1318 715 1371 764 hi
1389 724 1518 776 sunt,
1552 732 1678 780 quos
1710 715 1934 780 proximo

264 813 397 845 anno
422 812 575 844 unam
603 794 851 858 legionem
883 797 1014 845 furto
1045 795 1205 845 noctis
1240 797 1498 859 adgressos
1531 798 1747 846 clamore
1770 797 1934 846 debel-

264 875 434 937 lastis3
468 875 520 924 hi
550 884 826 925 ceterorum
863 875 1213 925 Britannorum
1248 875 1548 940 fugacissimi
1582 875 1798 941 ideoque
1833 885 1934 926 tam

218 976 237 1002 2
265 955 352 1006 diu
388 955 686 1020 superstites.
759 973 862 1020 quo
903 958 1057 1006 modo
1098 956 1243 1006 silvas
1276 959 1528 1022 saltusque
1563 957 1934 1022 penetrantibus

263 1036 584 1098 fortissimum
614 1038 853 1100 quodque
887 1036 1070 1086 animal
1100 1046 1273 1086 contra
1296 1054 1447 1098 ruere,
1475 1037 1654 1102 pavida
1683 1047 1732 1088 et
1762 1037 1936 1088 inertia
1960 1059 2011 1089 10

264 1116 374 1181 ipso
419 1116 628 1180 agminis
676 1134 801 1166 sono
847 1118 1168 1181 pellebantur,
1213 1117 1283 1167 sic
1323 1116 1545 1167 acerrimi
1587 1111 1935 1168 Britannorum

265 1196 365 1246 iam
396 1197 589 1262 pridem
621 1197 919 1258 ceciderunt,
947 1197 1162 1261 reliquus
1196 1207 1270 1247 est
1304 1214 1539 1247 numerus
1570 1196 1857 1262 ignavorum
1886 1208 1936 1249 et

220 1300 243 1340 3
266 1277 606 1328 metuentium.
679 1295 806 1342 quos
830 1279 968 1342 quod
992 1280 1194 1328 tandem
1218 1277 1485 1339 invenistis,
1513 1295 1615 1328 non
1639 1279 1931 1340 restiterunt,

266 1359 356 1408 sed
401 1357 697 1422 deprehensi
743 1367 859 1408 sunt
875 1376 890 1420 3
940 1358 1236 1408 novissimae
1277 1375 1352 1408 res
1393 1367 1443 1408 et
1483 1368 1727 1409 extremus
1773 1369 1934 1410 metus

266 1455 473 1503 corpora
496 1441 710 1489 defixere
737 1437 936 1505 [aciem]
963 1438 1014 1487 in
1038 1438 1114 1488 his
1138 1438 1364 1502 vestigiiS,
1393 1437 1445 1487 in
1468 1439 1649 1503 quibus
1678 1442 1934 1504 pulchram
1961 1463 2008 1504 15

217 1541 244 1582 4
266 1528 316 1569 et
357 1520 680 1584 spectabilem
725 1519 980 1570 victoriam
1027 1519 1250 1570 ederetis.
1337 1518 1587 1584 transigite
1632 1537 1747 1571 cum
1794 1538 1935 1587 expe-

266 1600 551 1661 ditionibus,
601 1600 843 1665 imponite
894 1600 1252 1666 quinquaginta
1302 1601 1445 1650 annis
1503 1618 1737 1665 magnum
1783 1602 1931 1663 diem,

264 1682 539 1746 adprobate
562 1681 631 1731 rei
655 1681 885 1746 publicae
909 1699 1183 1746 numquam
1208 1682 1439 1732 exercitui
1463 1682 1692 1747 imputari
1715 1682 1935 1748 potuisse

264 1772 350 1813 aut
375 1780 537 1813 moras
560 1763 678 1813 belli
701 1772 787 1813 aut
811 1780 984 1813 causas
1008 1763 1309 1813 rebellandi.'

177 1855 243 1906 35
335 1847 399 1893 Et
440 1846 744 1908 adloquente
780 1846 947 1895 adhuc
975 1843 1204 1908 Agricola
1239 1842 1450 1893 militum
1484 1844 1631 1893 ardor
1665 1843 1929 1905 eminebat,
1959 1858 2009 1888 ²0

266 1933 316 1974 et
344 1926 495 1974 finem
528 1924 763 1975 orationis
795 1925 969 1989 ingens
1003 1924 1227 1974 alacritas
1259 1932 1527 1974 consecuta
1555 1933 1642 1985 est,
1670 1924 1935 1990 statimque

221 2023 241 2051 2
265 2007 332 2056 ad
363 2023 499 2055 arma
528 2005 818 2056 discursum.
891 2005 1151 2056 instinctos
1182 2004 1467 2070 ruentisque
1497 2004 1566 2056 ita
1597 2004 1852 2070 disposuit,
1880 2015 1935 2056 ut

266 2086 491 2151 peditum
515 2086 706 2148 auxilia,
735 2104 865 2151 quae
888 2096 1004 2136 octo
1028 2086 1219 2136 milium
1243 2095 1393 2147 erant,
1421 2086 1638 2137 mediam
1669 2085 1829 2136 aciem
1860 2088 1935 2136 fir-

268 2176 470 2228 marent,
493 2167 716 2232 equitum
740 2167 831 2217 tria
856 2167 989 2217 milia
1013 2166 1246 2217 cornibus
1268 2168 1668 2217 adfunderentur.
1716 2166 1934 2231 legiones

267 2264 357 2313 pro
380 2250 511 2299 vallo
533 2258 722 2311 stetere,
745 2248 918 2314 ingens
942 2248 1174 2299 victoriae
1197 2250 1351 2298 decus
1374 2247 1494 2297 citra
1518 2250 1804 2297 Romanum
1827 2263 1934 2298 san-
1957 2268 2006 2309 25

222 2349 246 2389 3
267 2328 467 2394 guinem
499 2330 731 2391 bellandi,
768 2339 817 2380 et
848 2330 1096 2391 auxilium,
1133 2328 1174 2379 si
1205 2331 1512 2394 pellerentur.
1587 2328 1933 2379 Britannorum

268 2410 398 2460 acies
423 2409 473 2459 in
499 2411 714 2475 speciem
741 2411 968 2478 simulac
994 2419 1227 2460 terrorem
1252 2409 1539 2460 editioribus
1562 2409 1682 2459 locis
1705 2408 1935 2460 constite-
1956 2472 1963 2476 ι

269 2500 341 2540 rat
365 2491 444 2552 ita,
474 2501 526 2541 ut
551 2492 763 2556 primum
788 2508 966 2556 agmen
991 2492 1042 2541 in
1066 2508 1241 2564 aequo,
1269 2489 1422 2559 ceteri
1441 2507 1528 2555 per
1550 2489 1740 2539 adclive
1763 2489 1932 2555 iugurn

216 2570 219 2573 ⁴
269 2571 444 2622 conexi
481 2575 614 2625 velut
655 2572 960 2638 insurgerent
976 2591 991 2635 3
1031 2572 1196 2623 media
1236 2571 1399 2636 campi
1434 2569 1742 2621 covinnarius
1779 2586 1931 2635 eques

330 2718 379 2745 10
408 2706 605 2755 quodque
631 2710 715 2746 1⁸¹³:
759 2719 929 2756 quoque
955 2710 1022 2744 ΓΔ
1155 2706 1302 2745 ruebat
1323 2703 1560 2743 Andrvsen:
1607 2708 1746 2742 ruerat
1776 2701 1930 2742 Urlichs

275 2771 320 2798 11
343 2759 554 2810 pelluntur
572 2759 670 2799 Put.
801 2773 848 2809 14
880 2760 1108 2799 novissime
1129 2763 1158 2798 Γ
1244 2764 1455 2798 extremus
1485 2763 1622 2797 metus
1641 2755 1902 2796 Schoemann
1921 2769 1930 2794 ε

272 2819 466 2852 extremo
493 2819 606 2852 metu
636 2813 745 2853 codd.
904 2826 951 2864 15
981 2812 1181 2865 corpora]
1208 2818 1379 2862 torpore
1406 2811 1689 2852 Schoemann:
1725 2809 1931 2860 torpidam

277 2864 434 2906 Urlichs
517 2868 651 2907 aciem
670 2867 746 2907 del,
769 2867 903 2907 Rhcn.
1044 2869 1093 2906 18
1124 2866 1332 2917 imputare
1353 2872 1388 2905 Δ
1524 2867 1578 2904 26
1606 2863 1777 2904 bellanti
1796 2861 1931 2903 Rhen-

273 2922 326 2960 28
355 2933 508 2971 agmen
530 2921 573 2960 in
601 2934 735 2971 aequo
756 2922 929 2960 Bekker:
960 2921 1127 2971 agmine
1156 2933 1242 2970 quo
1261 2918 1368 2960 codd.
1545 2931 1599 2968 29
1627 2917 1782 2958 conexi
1800 2915 1899 2958 Put.
1920 2929 1930 2955 ι

274 2976 454 3014 connexi
488 2975 623 3014 codd.:
664 2974 780 3014 velut
815 2976 966 3015 conexi
996 2974 1220 3027 Nipperdey
1331 2972 1632 3013 conuinnarius
1662 2976 1716 3011 1¹:
1761 2970 1930 3011 couina·

275 3029 361 3068 rius
381 3035 417 3068 Δ
528 3035 571 3068 et
591 3041 723 3079 eques
742 3029 877 3068 Rhen.
