2138 3470
770 167 1117 217 CORNELII
1155 166 1398 215 TACITI

246 307 383 372 gredi
416 306 652 372 paulatim
683 315 730 356 et
763 306 1019 356 circumire
1056 315 1189 369 terga
1220 305 1522 356 vincentium
1546 315 1824 370 coeperant,
1863 307 1916 356 ni

247 388 299 437 id
335 388 497 452 ipsum
533 387 713 436 veritus
738 387 967 451 Agricola
997 395 1228 450 quattuor
1260 387 1482 450 equitum
1513 389 1628 448 alas,
1655 389 1721 438 ad
1753 387 1915 466 subita

246 468 363 518 belli
404 478 629 529 retentaS,
669 467 979 540 venientibus
1021 467 1345 532 opposuisset,
1385 477 1671 532 quantoque
1707 467 1915 519 ferocius

195 566 215 592 2
245 550 638 610 adcucurrerant,
666 558 805 598 tanto
829 548 987 598 acrius
1016 545 1266 613 pulsos⁵in
1295 550 1460 612 fugam
1492 548 1776 599 disiecisset.
1848 548 1916 598 ita

245 629 507 680 consilium
527 630 877 679 Britannorum
902 629 953 678 in
977 629 1111 694 ipsos
1135 646 1343 690 versum,
1363 638 1765 693 transvectaeque
1777 646 1917 700 prae-
1939 649 1960 690 5

244 719 391 775 cepto
410 711 551 760 ducis
569 728 599 760 a
617 713 778 760 fronte
796 710 1124 775 pugnantium
1147 713 1255 760 alae
1278 727 1498 760 aversam
1517 710 1734 760 hostium
1756 710 1915 760 aciem

243 792 476 841 invasere.
551 801 658 841 tum
682 809 798 841 vero
831 791 1114 856 patentibus
1143 791 1265 841 locis
1289 793 1475 856 grande
1498 800 1547 841 et
1569 800 1708 840 atrox
1731 802 1915 855 specta-

244 875 443 923 culum:
479 872 632 937 sequi,
661 875 928 934 vulnerare,
957 890 1145 937 capere,
1177 882 1328 937 atque
1360 874 1564 923 eosdem
1600 872 1777 922 oblatis
1807 872 1915 922 aliis

193 973 215 1012 3
243 950 499 1000 trucidare.
581 950 679 1000 iam
709 951 940 1013 hostium,
969 960 1115 1015 prout
1143 951 1327 1014 cuique
1347 950 1601 1015 ingenium
1625 959 1739 1011 erat,
1767 959 1916 1000 cater-

242 1049 333 1100 vae
357 1041 658 1082 armatorum
687 1032 1002 1097 paucioribus
1027 1020 1162 1096 terga
1185 1040 1441 1096 praestare,
1471 1031 1674 1096 quidam
1702 1031 1914 1082 inermes
1940 1053 1990 1082 10

242 1115 372 1164 ultro
396 1131 536 1163 ruere
563 1131 623 1163 ac
652 1130 705 1163 se
735 1113 881 1163 morti
909 1115 1094 1163 offerre.
1168 1113 1351 1178 passim
1383 1130 1520 1163 arma
1551 1123 1600 1163 et
1627 1130 1834 1178 corpora
1864 1122 1914 1163 et

241 1194 391 1244 laceri
414 1203 546 1244 artus
572 1204 620 1244 et
645 1204 848 1244 cruenta
871 1196 1053 1244 humus
1070 1213 1085 1256 3
1120 1203 1170 1244 et
1201 1194 1470 1259 aliquando
1503 1194 1651 1244 etiam
1675 1193 1814 1244 victis
1842 1193 1914 1244 ira

188 1295 214 1334 4
241 1275 504 1340 virtusque.
572 1285 837 1340 postquam
855 1275 993 1325 silvis
1015 1276 1546 1340 adpropinquaverunt,
1569 1275 1703 1326 idem
1727 1275 1912 1340 primos

240 1356 555 1421 sequentium
588 1357 812 1406 incautos
845 1356 1040 1407 collecti
1072 1366 1122 1407 et
1153 1359 1377 1407 locorum
1404 1356 1541 1421 gnari
1563 1356 1911 1406 circumvenie-

240 1440 374 1489 bant.
425 1441 562 1503 quod
587 1439 638 1488 ni
662 1441 892 1503 frequens
917 1439 1104 1503 ubique
1122 1439 1352 1503 Agricola
1374 1439 1561 1490 validas
1584 1447 1633 1489 et
1657 1438 1908 1503 expeditas
1933 1455 1982 1496 15

240 1520 456 1570 cohortis
504 1520 749 1584 indaginis
796 1522 963 1581 mod0‚
1009 1529 1058 1570 et
1099 1520 1258 1571 sicubi
1303 1520 1481 1570 artiora
1525 1529 1675 1582 erant,
1719 1510 1910 1585 partem

241 1601 463 1665 equitum
494 1601 710 1651 dimissis
740 1601 892 1666 equis,
921 1601 1068 1651 simul
1091 1601 1296 1652 rariores
1319 1602 1465 1651 silvas
1489 1601 1706 1666 equitem
1730 1603 1912 1666 persul-

241 1691 344 1731 tare
368 1681 599 1743 iussisset,
619 1692 889 1754 acceptum.
906 1683 1111 1747 aliquod
1134 1685 1313 1733 vulnus
1337 1700 1424 1747 per
1447 1682 1651 1732 nimiam
1674 1681 1910 1732 fiduciam

190 1775 210 1814 5
239 1765 376 1813 foret.
439 1773 658 1814 ceterum
683 1765 771 1814 ubi
795 1764 1100 1829 compositos
1125 1765 1276 1814 firmis
1301 1764 1556 1815 ordinibus
1581 1763 1721 1829 sequi
1745 1780 1909 1814 rursus

239 1843 417 1904 videre,
454 1845 505 1893 in
542 1846 708 1910 fugam
741 1845 879 1906 versi,
919 1863 1022 1896 non
1057 1846 1349 1911 agminibus,
1385 1854 1440 1895 ut
1474 1845 1620 1910 prius,
1655 1862 1749 1896 nec
1782 1845 1908 1895 alius
1933 1863 1985 1892 20

238 1924 390 1974 alium
432 1936 779 1990 respectantes,
825 1925 917 1976 rari
959 1936 1008 1977 et
1048 1926 1307 1978 vitabundi
1347 1927 1399 1977 in
1439 1927 1598 1978 vicem
1638 1926 1908 1992 longinqua

187 2013 211 2053 6
238 2016 388 2070 atque
412 2007 519 2056 avia
544 2007 740 2072 petiere.
793 2008 904 2058 finis
929 2008 1171 2073 sequendi
1196 2026 1294 2059 nox
1318 2018 1367 2059 et
1391 2009 1587 2059 satietas
1611 2008 1715 2058 fuit.
1765 2025 1909 2059 caesa

238 2087 455 2137 hostium
480 2090 543 2138 ad
570 2090 745 2139 decern
772 2089 905 2140 milia
928 2110 937 2140 :
975 2099 1254 2140 nostrorum
1279 2092 1483 2140 trecenti
1513 2089 1763 2153 sexaginta
1785 2089 1909 2140 ceci-

238 2170 367 2229 dere,
414 2169 463 2217 in
513 2170 622 2234 quis
670 2173 829 2221 Aulus
872 2171 1065 2221 Atticus
1114 2174 1386 2236 praefectus
1433 2170 1661 2231 cohortis,
1706 2170 1906 2221 iuvenili

237 2250 411 2299 ardore
447 2259 495 2300 et
531 2250 711 2300 ferocia
747 2252 862 2315 equi
899 2252 1123 2302 hostibus
1160 2252 1350 2302 inlatus.
1931 2259 1979 2298 25

99 2322 210 2388 s38
309 2334 371 2379 Et
407 2348 505 2380 nox
542 2332 745 2395 quidem
781 2334 963 2397 gaudio
999 2335 1281 2398 praedaque
1315 2335 1442 2384 laeta
1472 2332 1767 2384 victoribus:
1806 2332 1906 2382 Bri-

237 2411 374 2460 tanni
411 2414 631 2475 palantes
666 2414 917 2477 mixtoque
951 2414 1163 2463 virorum
1201 2414 1560 2478 mulierumque
1591 2416 1782 2477 ploratu
1815 2423 1903 2462 tra-

238 2494 354 2541 here
400 2494 692 2554 vulneratOS,
738 2511 913 2543 vocare
960 2494 1186 2558 integros,
1230 2496 1456 2545 deserere
1500 2495 1679 2544 domos
1717 2509 1777 2543 ac
1818 2510 1903 2557 per

236 2572 358 2621 iram
392 2575 519 2621 ultro
553 2574 830 2635 incendere,
860 2575 1037 2640 eligere
1071 2576 1281 2626 latebras
1317 2584 1367 2625 et
1400 2575 1564 2625 statim
1600 2574 1873 2638 relinquere
1891 2593 1904 2636 ;

289 2717 314 2754 4
345 2712 671 2744 accucurrerant
707 2711 762 2745 1⁸:
806 2714 1082 2747 occurrerant
1102 2714 1139 2747 Δ
1309 2709 1335 2747 8
1365 2707 1516 2747 oblatis
1547 2704 1706 2746 Rhen.:
1754 2705 1902 2745 ablatis

233 2757 344 2797 codd.
527 2771 573 2808 ‚13
606 2761 717 2799 idem
744 2760 886 2800 Goebel
899 2775 908 2800 ε
943 2768 1057 2802 ntem
1080 2763 1205 2806 (obelo
1223 2764 1267 2802 in
1287 2762 1476 2813 margine
1493 2760 1695 2813 adposito)
1716 2763 1770 2799 1⁸:
1801 2760 1901 2800 item

234 2818 294 2850 A:
342 2812 573 2852 identidem
617 2813 775 2853 Hutter
914 2830 962 2866 14
998 2808 1118 2867 gnari
1148 2816 1341 2855 Dronke:
1383 2816 1519 2866 ignari
1553 2814 1688 2855 mdd.:
1731 2814 1902 2864 ignaros

232 2865 332 2905 Pul.
505 2881 552 2917 17
586 2869 770 2918 equitem
793 2871 1029 2920 persultare
1050 2871 1209 2910 Rhen.:
1241 2871 1384 2921 equite
1404 2868 1628 2920 persultari
1651 2873 1706 2907 1':
1737 2868 1902 2919 equites

234 2920 482 2969 perlustrari
504 2928 567 2960 A:
600 2923 784 2972 equitem
808 2925 1066 2973 perlustrare
1092 2925 1246 2964 Urlichs
1398 2937 1453 2963 20
1481 2924 1591 2963 versi
1610 2923 1735 2963 Put.:
1767 2922 1901 2961 uersis

235 2973 344 3013 codd.
514 2978 567 3014 26
599 2976 794 3015 Britanni
817 2977 940 3017 Pan:
974 2979 1252 3028 Britannique
1272 2977 1383 3018 codd.
