2138 3470
928 187 1293 236 AGRICOLA

284 333 541 388 supererat.
615 325 803 372 bonum
827 323 984 372 virum
1017 323 1157 372 facile
1190 324 1425 384 credereS,
1456 310 1689 388 magnum
1718 326 1937 377 libenter.

283 414 332 454 et
355 404 459 468 ipse
483 404 698 469 quidem,
727 421 1028 470 quamquam
1053 403 1219 455 medio
1252 404 1303 454 in
1335 404 1495 470 spatio
1526 406 1741 469 integrae
1772 407 1942 456 aetatis
1967 428 1988 462 ,ς

282 495 490 550 ereptus,
523 495 763 550 quantum
798 487 863 536 ad
898 486 1114 549 gloriam,
1154 485 1495 550 longissimu'm
1529 503 1707 536 aevum
1743 487 1939 552 peregit.

283 565 467 630 quippe
491 576 541 616 et
564 584 676 616 vera
698 567 843 627 bona,
871 565 1073 630 quaein
1098 566 1356 616 virtutibus
1381 566 1473 616 sita
1495 560 1622 643 synt,
1644 566 1941 631 impleverat,

235 662 258 702 5
284 655 333 696 et
355 646 599 696 consulari
622 664 680 696 ac
704 646 1079 710 triumphalibus
1104 646 1404 696 ornamentis
1429 647 1653 711 praedito
1672 646 1792 711 quid
1810 647 1944 697 aliud

282 728 532 776 adstruere
572 729 766 777 fortuna
806 727 1035 791 poterat?
1103 727 1282 791 opibus
1329 727 1492 777 nimiis
1539 745 1641 778 non
1682 729 1940 791 gaudebat,
1969 746 1992 782 4

284 807 535 872 speciosae
570 826 672 858 non
707 808 1022 884 contigerant.
1050 839 1056 841 >
1097 809 1197 857 filia
1230 818 1392 872 atque‘
1416 826 1566 858 uxore
1604 808 1944 873 superstitibus

283 898 447 953 potest
469 889 622 939 videri
646 888 793 939 etiam
818 890 991 938 beatus
1020 890 1258 939 incolumi
1287 890 1537 953 dignitate,
1566 892 1770 939 florente
1798 892 1940 949 fama,

284 970 427 1020 salvis
454 970 790 1021 adfinitatibus
822 979 872 1020 et
898 970 1123 1020 amicitiis
1156 973 1319 1020 futura
1350 971 1589 1034 effugisse.
1663 988 1779 1020 nam
1803 970 1944 1021 sicuti
1969 983 1990 1024 5

213 1066 262 1094 10
285 1068 311 1097 ,ιι
350 1070 374 1097 a:
410 1052 585 1101 durare
619 1050 671 1100 in
703 1053 831 1100 hanc
866 1039 1135 1101 beatissimi
1167 1050 1354 1100 saeculi
1385 1054 1548 1101 lucem
1579 1068 1638 1100 ac
1673 1033 1945 1115 principem

283 1131 550 1182 Traianum
579 1131 756 1193 videre,
785 1120 922 1196 quod
940 1132 1153 1196 augurio
1181 1132 1408 1196 votisque
1434 1132 1570 1196 apud
1601 1141 1790 1181 nostras
1818 1131 1946 1181 auris

282 1212 606 1274 ominabatur,
634 1211 702 1262 ita
734 1212 991 1262 festinatae
1022 1212 1192 1262 mortis
1224 1215 1409 1276 grande
1441 1211 1680 1262 solacium
1710 1212 1818 1261 tulit
1842 1229 1949 1262 eva-

283 1293 403 1343 sisse
434 1303 738 1358 postremum
762 1292 883 1343 illud
908 1304 1116 1358 tempus,
1145 1310 1246 1358 quo
1273 1293 1588 1343 Domitianus
1614 1310 1716 1343 non
1740 1292 1837 1342 iam
1862 1310 1949 1357 per

283 1374 535 1424 intervalla
573 1391 633 1424 ac
673 1374 970 1438 spiramenta
1006 1384 1299 1439 temporum,
1335 1376 1425 1425 sed
1460 1374 1697 1425 continuo
1732 1383 1782 1424 et
1815 1376 1949 1425 velut

214 1472 261 1512 15
284 1472 387 1505 uno
409 1455 510 1505 ictu
533 1472 636 1504 rem
660 1455 911 1519 publicam
933 1455 1167 1505 exhausit.

354 1538 471 1586 Non
511 1536 633 1586 vidit
673 1536 903 1600 Agricola
939 1537 1194 1586 obsessam
1231 1536 1419 1586 curiam
1454 1546 1504 1586 et
1539 1538 1760 1585 clausum
1800 1535 1947 1585 armis
1970 1542 2037 1593 45

285 1626 511 1667 senatum
534 1627 584 1667 et
607 1618 782 1667 eadem
806 1627 964 1681 strage
988 1626 1061 1667 tot
1085 1617 1418 1667 consularium
1443 1619 1633 1678 caedeS‚
1653 1626 1726 1666 tot
1750 1616 1949 1666 nobilis-

285 1699 518 1749 simarum
558 1698 851 1748 feminarum
892 1698 1034 1748 exilia
1080 1708 1130 1748 et
1175 1700 1326 1762 fugas.
1399 1715 1500 1747 una
1544 1699 1709 1747 adhuc
1746 1696 1949 1747 victoria

286 1781 441 1830 Carus
468 1779 652 1829 Metius
677 1780 979 1840 censebatur,
1008 1789 1057 1829 et
1080 1779 1206 1829 intra
1230 1781 1478 1829 Albanam
1513 1796 1676 1828 arcem
1705 1778 1949 1828 sententia

215 1877 264 1905 20
287 1860 543 1919 Messalini
574 1862 833 1926 strepebat,
861 1870 911 1911 et
936 1864 1105 1911 Massa
1130 1860 1345 1911 Baebius
1372 1858 1511 1928 [iam]
1538 1869 1644 1909 tum
1673 1877 1783 1909 reus
1813 1868 1915 1909 erat
1937 1878 1947 1908 :

286 1958 403 1991 mox
442 1951 636 1991 nostrae
673 1943 855 1991 duxere
895 1942 1187 1991 Helvidium
1230 1942 1281 1991 in
1322 1958 1568 1991 carcerem
1607 1957 1817 2002 manus3
1856 1956 1948 1989 nos

288 2022 567 2072 Mauricum
607 2022 967 2087 Rusticumque
1002 2023 1270 2084 divisimus,
1303 2040 1395 2073 nos
1430 2021 1684 2073 innocenti
1712 2021 1949 2085 sanguine

287 2103 495 2154 Senecio
518 2104 744 2168 perfudit.
819 2107 954 2154 Nero
986 2114 1153 2154 tamen
1185 2104 1422 2155 subtraxit
1450 2106 1621 2154 oculos
1650 2120 1765 2153 suos
1792 2102 1948 2153 iussit·
1975 2124 1993 2151 2

287 2201 384 2248 que
424 2186 618 2246 scelera,
663 2201 766 2234 non
800 2177 1066 2248 spectavit:
1108 2184 1371 2249 praecipua
1407 2185 1500 2233 sub
1540 2183 1828 2233 Domitiano
1864 2182 1949 2231 mi-

215 2281 263 2322 25
288 2265 519 2316 seriarum
565 2283 676 2330 pars
723 2275 824 2315 erat
864 2266 1030 2316 videre
1076 2275 1125 2315 et
1169 2265 1334 2330 aspici,
1376 2282 1491 2315 cum
1538 2264 1743 2329 suspiria
1783 2273 1949 2313 nostra

288 2346 719 2407 subscriberentur‚
761 2363 876 2395 cum
922 2346 1220 2396 denotandis
1262 2354 1335 2395 tot
1375 2344 1635 2395 hominum
1681 2343 1947 2407 palloribus

288 2430 529 2478 sufficeret
557 2444 730 2477 saevus
754 2427 836 2477 ille
858 2430 1021 2477 vultus
1046 2437 1095 2477 et
1118 2428 1279 2487 rubor,
1301 2419 1409 2491 ‘quo
1434 2443 1486 2476 se
1511 2435 1681 2475 contra
1705 2427 1947 2490 pudorem

288 2508 554 2558 muniebat.
1608 2509 1620 2517 ‘⁸

354 2591 434 2638 Tu
469 2606 586 2638 vero
623 2588 749 2649 felix,
778 2587 1017 2652 Agricola,
1057 2605 1159 2637 non
1199 2587 1327 2638 vitae
1363 2596 1554 2637 tantum
1591 2586 1818 2647 claritate,
1858 2588 1946 2654 sed
1971 2611 1994 2650 3

345 2731 367 2767 7
399 2731 483 2757 non
519 2723 611 2757 ante
644 2718 909 2768 contigerant
940 2730 1023 2755 om.
1055 2721 1117 2754 rm
1222 2743 1227 2749 ·
1274 2730 1300 2765 9
1329 2716 1437 2755 sicut
1469 2717 1508 2754 ei
1541 2729 1625 2754 non
1656 2715 1772 2754 licuit
1804 2715 1944 2754 Dahl:

289 2773 396 2812 sicut
417 2773 577 2811 iuvaret
597 2771 754 2811 Maller
917 2785 966 2810 10
994 2772 1103 2810 hanc
1125 2799 1135 2810 .
1158 2801 1166 2809 .
1190 2800 1199 2809 .
1221 2771 1357 2810 lucem
1376 2770 1616 2809 Acidalt'us:
1654 2771 1732 2809 hac
1755 2800 1763 2810 .
1787 2801 1794 2810 .
1819 2800 1828 2809 .
1851 2771 1945 2808 luce

290 2826 400 2865 codd.
612 2839 655 2865 11
688 2827 822 2878 quod]
862 2826 1040 2875 quodam
1079 2825 1196 2863 editio
1234 2825 1487 2875 Bipontina:
1535 2826 1648 2874 quod
1687 2825 1770 2863 secl.
1812 2823 1943 2862 Rhea.

294 2893 343 2928 19
372 2882 525 2920 charus
547 2881 701 2929 (clarus
717 2882 771 2932 Δ)
790 2881 930 2919 mitius
959 2879 1153 2927 <Mettius
1167 2877 1230 2931 1¹²)
1247 2879 1357 2919 codd.
1472 2893 1526 2918 20
1544 2880 1625 2918 iam
1646 2892 1724 2918 om.
1746 2884 1781 2916 Δ
1893 2890 1944 2915 22

292 2933 539 2974 Mauricium
565 2935 868 2985 Rusticumque
898 2935 1118 2973 diuisimus
1139 2938 1226 2972 rm:
1270 2934 1442 2973 maurici
1473 2934 1706 2983 rusticique
1733 2933 1850 2971 uisus
1878 2934 1945 2969 ΓΔ

221 3009 224 3013 ·
290 3001 342 3036 27
371 3001 455 3037 quo
474 2988 611 3038 Lzffis:
642 3003 667 3028 a
687 3003 770 3039 quo
791 2989 898 3029 codd.
