2138 3470
787 192 1134 242 CORNELII
1171 191 1415 241 TACITI

265 331 484 395 positum
506 335 535 358 “
550 348 658 382 esse
676 330 942 380 videatur.''
1008 347 1124 379 nam
1144 340 1193 379 et
1211 332 1335 380 haec
1354 329 1533 380 invitus
1552 331 1714 381 rettuli
1729 340 1778 382 et
1795 333 1936 397 plura

266 411 424 472 omisi,
452 429 581 476 quae
613 421 780 461 tamen
823 413 929 460 sola
966 410 1203 460 mirantur
1246 419 1396 474 atque
1439 410 1718 475 exprimunt
1757 411 1804 472 ii,
1848 411 1935 476 qui

217 508 238 536 2
266 509 319 542 se
350 493 581 557 antiquos
617 501 833 542 oratores
869 490 1100 541 vocitant.
1172 491 1424 541 neminem
1459 491 1744 553 nominabo,
1778 509 1934 557 genus

266 573 527 623 hominum
551 573 854 638 significasse
878 581 1140 622 contentus
1160 590 1170 621 z
1207 573 1296 621 sed
1320 571 1460 621 vobis
1489 572 1660 637 utique
1682 582 1935 623 versantur

265 663 381 704 ante
421 656 593 704 oculos
629 653 723 714 isti,
761 652 847 717 qui
881 652 1129 702 Lucilium
1176 669 1266 716 pro
1309 652 1522 702 Horatio
1569 662 1618 702 et
1650 653 1934 704 Lucretium
1959 666 1981 706 5

266 751 355 798 pro
402 733 608 798 Virgilio
654 735 835 798 legunt,
886 732 1067 797 quibus
1115 731 1398 796 eloquentia
1435 732 1624 782 Aufidii
1664 732 1805 783 Bassi
1849 742 1935 784 aut

242 814 454 874 ,Servilii
502 814 723 864 Noniani
770 832 829 864 ex
875 813 1245 878 comparatione
1293 813 1529 863 Sisennae
1574 821 1661 863 aut
1699 813 1934 864 Varronis

266 897 445 956 sordet,
488 895 573 960 qui
615 897 866 945 rhetorum
913 903 1192 945 nostrorum
1240 893 1621 944 commentarios
1662 894 1930 956 fastidiunt,

217 994 240 1033 3
266 977 490 1036 oderunt,
521 975 661 1027 Calvi
697 976 944 1026 mirantur.
1018 992 1144 1039 quos
1181 992 1317 1025 more
1352 975 1513 1039 prisco
1547 975 1682 1039 apud
1717 974 1932 1025 iudicem

265 1056 530 1106 fabulantis
566 1074 669 1106 non
701 1056 950 1106 auditores
984 1065 1268 1120 sequuntur,
1297 1073 1399 1105 non
1432 1058 1644 1121 populus
1676 1056 1826 1117 audit,
1853 1055 1933 1105 vix
1958 1075 2010 1105 10

265 1138 483 1202 denique
524 1137 736 1202 litigator
777 1136 1072 1202 perpetitur:
1122 1138 1250 1186 adeo
1289 1136 1462 1186 maesti
1501 1146 1550 1186 et
1590 1136 1762 1186 inculti
1799 1136 1932 1186 illam

264 1218 436 1283 ipsam,
477 1235 627 1283 quam
667 1218 861 1278 iactant,
903 1218 1162 1267 sanitatem
1202 1234 1303 1267 non
1342 1216 1581 1278 firmitate,
1622 1219 1711 1267 sed
1749 1217 1933 1267 ieiunio

213 1315 239 1353 4
266 1308 648 1363 consequuntur.
722 1315 868 1363 porro
910 1315 974 1348 ne
1015 1298 1066 1346 in
1107 1314 1312 1362 corpore
1355 1297 1557 1361 quidem
1598 1297 1931 1348 valetudinem

267 1379 447 1430 medici
483 1381 696 1444 probant
721 1396 848 1443 quae
883 1378 1035 1428 animi
1067 1378 1311 1428 anxietate
1341 1378 1611 1443 contingit;
1650 1395 1823 1442 parum
1859 1387 1934 1428 est

265 1478 465 1526 aegrum
489 1477 592 1510 non
618 1477 725 1510 esse
745 1479 753 1509 :
790 1462 967 1509 fortem
991 1469 1040 1509 et
1064 1461 1247 1509 laetum
1273 1468 1322 1508 et
1344 1461 1555 1508 alacrem
1579 1460 1706 1509 volo.
1779 1475 1933 1524 prope
1958 1479 2007 1522 15

215 1564 236 1602 5
265 1543 406 1592 abest
429 1543 493 1591 ab
518 1541 812 1601 infirmitate,
842 1541 894 1589 in
919 1557 1019 1604 quo
1044 1542 1149 1590 sola
1173 1539 1353 1589 sanitas
1378 1541 1616 1590 laudatur.
1688 1556 1776 1590 vos
1799 1557 1928 1600 vero,

266 1624 370 1673 viri
399 1622 717 1683 disertissimi,
754 1632 808 1671 ut
843 1621 1060 1685 potestiS,
1098 1630 1153 1671 ut
1187 1621 1358 1682 facitiS,
1394 1621 1646 1671 inlustrate
1681 1623 1933 1671 saeculum

216 1714 239 1752 6
266 1695 488 1752 noStrum
525 1702 855 1766 pulcherrimo
885 1719 1063 1766 genere
1092 1702 1305 1752 dicendi.
1378 1719 1495 1751 nam
1520 1711 1568 1751 et
1592 1711 1653 1762 te,
1684 1703 1929 1763 Messalla,

266 1782 412 1832 video
459 1782 726 1832 laetissima
773 1799 1000 1846 quaeque
1048 1782 1363 1846 antiquorum
1406 1781 1694 1843 imitantem,
1738 1791 1788 1832 et
1827 1799 1928 1843 vo8,

269 1865 496 1912 Materne
514 1879 573 1912 ac
590 1863 831 1923 Secunde,
852 1862 918 1911 ita
942 1862 1164 1926 gravitati
1189 1879 1423 1912 sensuum
1448 1862 1657 1912 nitorem
1676 1871 1726 1912 et
1743 1863 1932 1913 cultum
1956 1878 2008 1907 20

266 1944 528 1993 verborum
554 1942 781 2003 miscetis,
811 1959 868 1991 ea
893 1942 1069 1992 electio
1103 1942 1413 2003 inventionis,
1443 1942 1482 1991 is
1507 1944 1630 1992 ordo
1654 1960 1828 2004 rerum,
1857 1959 1928 2003 ea,

267 2024 495 2087 quotiens
532 2040 680 2072 causa
716 2022 888 2087 poscit,
925 2023 1134 2083 ubertas,
1172 2040 1242 2083 ea,
1280 2023 1508 2087 quotiens
1545 2022 1792 2087 permittit,
1827 2023 1934 2073 bre-

265 2104 401 2164 vitas,
442 2104 482 2153 is
518 2103 892 2168 compositionis
928 2106 1091 2164 decor,
1121 2121 1179 2154 ea
1214 2104 1566 2154 sententiarum
1602 2104 1810 2168 planitas
1842 2113 1928 2165 est,

266 2185 336 2234 sic
362 2184 629 2249 exprimitis
653 2176 889 2245 adfectus,
919 2185 989 2234 sic
1014 2185 1290 2234 libertatem
1317 2183 1610 2248 temperatis,
1639 2193 1694 2233 ut
1717 2183 1866 2233 etiam
1889 2183 1932 2233 si

266 2275 432 2314 nostra
456 2264 638 2315 iudicia
663 2265 939 2328 malignitas
959 2275 1008 2315 et
1032 2265 1217 2315 invidia
1236 2264 1506 2325 tardaverit,
1525 2281 1693 2314 verum
1710 2265 1774 2314 de
1788 2264 1930 2314 vobis
1953 2283 2003 2324 ²5

265 2346 443 2395 dicturi
467 2346 565 2395 sint
588 2346 770 2410 posteri
794 2346 978 2396 nostri.'

174 2446 241 2494 24
334 2428 478 2489 Quae
503 2444 617 2476 cum
642 2430 777 2491 Aper
802 2427 1015 2488 dixisset,
1049 2427 1439 2492 ‘adgnoscitisne
1454 2429 1465 2451 '
1490 2426 1648 2490 inquit
1674 2429 1930 2476 Maternus

268 2507 393 2557 ‘vim
432 2517 481 2557 et
520 2510 747 2557 ardorem
783 2509 906 2572 Apri
945 2508 1137 2558 nostri?
1206 2525 1306 2572 quo
1344 2517 1568 2567 torrente,
1604 2523 1705 2570 quo
1742 2506 1931 2569 impetu

263 2591 514 2638 saeculum
541 2598 762 2638 nostrum
791 2589 1014 2639 defendit
1037 2594 1045 2638 !
1105 2606 1255 2653 quam
1280 2589 1481 2652 copiose
1504 2604 1563 2637 ac
1586 2587 1717 2636 varie
1740 2586 1931 2636 vexavit

261 2669 522 2732 antiquos!
595 2680 782 2733 quanto
815 2687 917 2718 non
950 2672 1110 2719 solum
1144 2669 1341 2733 ingenio
1365 2686 1423 2718 ac
1455 2668 1638 2732 spiritu,
1666 2668 1755 2717 sed
1780 2667 1929 2717 etiam
1951 2685 2004 2726 30

324 2811 341 2837 1
376 2798 535 2837 inuitus
558 2799 638 2837 13²:
672 2799 873 2838 inuitatus
895 2803 976 2839 cett.
1115 2811 1140 2848 3
1171 2798 1355 2838 vocitant
1374 2795 1690 2846 Schurzfletlsch:
1722 2797 1930 2837 uocabant

266 2851 374 2892 codd.
397 2866 405 2891 :
437 2858 590 2892 vocant
614 2853 725 2903 Lips.
851 2855 877 2891 6
906 2853 1049 2892 Aufidi
1068 2853 1147 2903 <-ii)
1172 2853 1273 2892 EV:
1305 2852 1362 2891 tui
1383 2852 1468 2898 fidi,
1491 2852 1555 2890 cui
1578 2851 1649 2890 fidi
1671 2854 1750 2890 cett.
1879 2863 1927 2890 12

267 2920 350 2945 non
377 2907 573 2946 firmitate
596 2906 835 2945 Acidalius:
869 2907 1151 2946 infirmitatem
1175 2909 1366 2956 (-emquc
1388 2904 1492 2954 ΑΒ)
1517 2903 1625 2943 codd.
1770 2917 1817 2954 17
1847 2903 1927 2943 viri

267 2960 359 3000 add.
387 2960 602 2999 Acidalius
730 2974 776 2999 21
814 2974 951 2999 rerum
974 2975 1023 2999 ca
1052 2960 1272 3011 Wopkens:
1305 2972 1441 2999 rerum
1463 2964 1506 2997 ct
1527 2957 1635 2998 codd.
1750 2971 1802 2998 22
1833 2970 1925 3008 per-

269 3014 394 3052 mittit
416 3015 477 3053 E:
513 3015 767 3063 permittitur
788 3020 868 3053 cell.
