2138 3470
694 239 706 249 ⁶
763 171 1108 220 CORNELII
1146 173 1390 222 TACITI

233 308 506 373 adgressus,
597 311 751 359 multa
802 310 999 375 proelia,
1051 321 1099 361 et
1145 311 1413 376 aliquando
1459 329 1562 364 non
1608 312 1900 378 incruenta:

234 407 566 455 magnamque
605 391 894 455 Brigantum
931 400 1122 456 partem
1162 402 1247 442 aut
1288 393 1490 444 victoria
1529 397 1784 460 amplexus
1825 404 1900 446 est

187 487 211 527 3
231 481 318 522 aut
359 473 502 523 bello.
576 482 626 523 et
668 474 871 524 Cerialis
913 475 1117 538 quidem
1154 475 1352 526 alterius
1399 478 1694 528 successoris
1731 495 1900 529 curam

233 555 519 618 famamque
549 554 823 604 obruisset:
859 555 1190 620 sustinuitque
1218 559 1403 606 molem
1433 558 1589 608 Iulius
1619 560 1896 622 Frontinus,

233 634 306 684 vir
351 652 572 699 magnus,
623 644 865 699 quantum
912 635 1105 698 licebat,
1155 637 1470 702 validamque
1521 647 1569 688 et
1622 657 1900 704 pugnacem
1925 665 1947 703 5

234 716 447 765 Silurum
498 725 697 779 gentem
750 716 897 766 armis
949 717 1155 781 subegit,
1206 736 1352 783 super
1406 719 1636 770 virtutem
1682 722 1900 772 hostium

234 799 457 846 locorum
493 813 695 861 quoque
729 798 1042 848 difficultates
1077 802 1331 849 eluctatus.

157 874 213 922 18
306 880 460 927 Hunc
494 878 777 928 Britanniae
812 889 1007 941 statum,
1035 882 1125 930 has
1161 882 1403 932 bellorum
1435 883 1566 934 vices
1602 884 1767 935 media
1801 885 1900 934 iam

232 968 420 1009 aestate
455 969 783 1024 transgressus
818 961 1048 1025 Agricola
1086 962 1284 1024 invenit,
1317 980 1433 1013 cum
1469 974 1518 1015 et
1553 965 1732 1015 milites
1767 967 1900 1016 velut

231 1041 415 1098 omissa
446 1041 761 1105 expeditione
789 1044 855 1092 ad
887 1042 1199 1093 securitatem
1224 1052 1273 1093 et
1296 1045 1464 1094 hostes
1487 1047 1553 1095 ad
1585 1046 1899 1097 occasionem
1926 1067 1976 1097 ιο

182 1148 203 1175 2
230 1131 544 1171 verterentur.
619 1116 926 1173 Ordovicum
950 1123 1120 1173 civitas
1144 1125 1280 1174 haud
1305 1127 1462 1175 multo
1484 1135 1600 1176 ante
1628 1129 1898 1177 adventum

230 1204 337 1254 eius
361 1207 491 1254 alam
509 1204 561 1253 in
580 1204 763 1254 finibus
782 1205 883 1254 suis
900 1214 1130 1270 agentem
1149 1222 1304 1270 prope
1321 1206 1600 1257 universam
1618 1208 1894 1270 obtriverat,

185 1311 209 1351 3
231 1303 394 1350 eoque
416 1285 558 1336 initio
581 1295 744 1336 erecta
776 1286 1040 1351 provincia.
1114 1296 1163 1337 et
1195 1287 1376 1352 quibus
1409 1289 1594 1338 bellum
1618 1289 1898 1340 volentibus

231 1378 346 1429 erat,
375 1369 584 1433 probare
608 1371 890 1433 exemplum
913 1386 973 1419 ac
1001 1369 1212 1419 recentis
1241 1369 1387 1433 legati
1418 1369 1640 1420 animum
1669 1371 1894 1436 opperiri,

231 1466 347 1499 cum
371 1449 613 1513 Agricola,
642 1466 948 1514 quamquam
981 1459 1256 1512 transvecta
1287 1459 1460 1512 aestaS‚
1489 1451 1642 1515 sparsi
1673 1469 1761 1517 per
1790 1468 1899 1517 pro·
1924 1473 1973 1517 15

231 1530 444 1580 vinciam
468 1530 672 1592 numeri,
701 1540 1018 1596 praesumpta
1040 1532 1176 1596 apud
1205 1530 1412 1582 militem
1443 1531 1572 1582 illius
1599 1532 1717 1582 anni
1741 1533 1894 1598 quieS,

231 1615 370 1663 tarda
393 1620 443 1663 et
474 1612 717 1663 contraria
750 1613 936 1663 bellum
967 1612 1273 1674 inchoatum,
1301 1622 1351 1664 et
1381 1613 1628 1678 plerisque
1661 1614 1898 1665 custodiri

231 1699 460 1760 suspecta
506 1695 672 1760 potius
713 1695 984 1757 videbatur,
1026 1695 1097 1746 ire
1142 1695 1341 1745 obviam
1389 1695 1659 1745 discrimini
1699 1695 1867 1746 statuit
1882 1715 1899 1758 3

230 1776 593 1841 contractisque
616 1776 868 1840 legionum
892 1775 1078 1826 vexillis
1102 1786 1151 1826 et
1175 1776 1374 1826 modica
1403 1776 1694 1826 auxiliorum
1726 1794 1890 1838 manu,

230 1860 346 1923 quia
369 1859 421 1908 in
443 1876 660 1923 aequum
692 1858 894 1922 degredi
919 1857 1192 1908 Ordovices
1220 1874 1323 1908 non
1353 1858 1618 1919 audebant,
1645 1857 1752 1923 ipse
1778 1867 1894 1909 ante
1917 1882 1970 1911 20

228 1957 419 2004 agmen,
448 1955 549 2003 quo
585 1938 758 1988 ceteris
790 1955 878 2002 par
911 1937 1105 1988 animus
1141 1937 1288 1987 simili
1322 1938 1541 2003 periculo
1576 1948 1717 2000 esset,
1745 1938 1894 1989 erexit

181 2044 208 2084 4
229 2020 400 2070 aciem.
475 2036 717 2083 caesaque
742 2035 897 2083 prope
921 2018 1147 2068 universa
1171 2028 1329 2083 gente,
1358 2036 1461 2069 non
1493 2020 1688 2085 ignarus
1716 2019 1898 2070 instan-

229 2103 350 2151 dum
376 2103 537 2150 famae
560 2117 631 2161 ac,
661 2109 807 2165 prout
830 2099 988 2163 prima
1013 2100 1287 2161 cessissent,
1316 2109 1548 2151 terrorem
1574 2101 1747 2152 ceteris
1775 2104 1893 2163 fore,

231 2185 441 2232 Monam
473 2182 697 2242 insulam,
726 2198 758 2230 a
790 2181 929 2231 cuius
965 2181 1279 2245 possessione
1313 2191 1596 2232 revocatum
1633 2182 1895 2232 Paulinum

228 2263 496 2314 rebellione
543 2263 693 2313 totius
742 2262 1026 2312 Britanniae
1073 2280 1221 2327 supra
1268 2263 1548 2324 memoravi,
1588 2263 1806 2327 redigere
1843 2263 1895 2312 in
1919 2288 1969 2329 25

184 2373 205 2412 5
228 2355 524 2410 potestatem
548 2344 716 2394 animo
741 2344 965 2394 intendit.
1041 2346 1129 2394 sed
1154 2353 1207 2394 ut
1232 2343 1282 2393 in
1307 2344 1481 2394 subitis
1505 2343 1721 2400 consiliis
1745 2361 1894 2394 naves

228 2428 461 2476 deerant:
511 2426 634 2475 ratio
682 2435 731 2475 et
780 2424 1057 2475 constantia
1104 2425 1245 2476 ducis
1292 2425 1566 2476 transvexit.
1656 2424 1894 2490 depositis

228 2507 460 2556 omnibus
497 2506 698 2556 sarcinis
731 2506 1024 2556 lectissimos
1059 2506 1378 2568 auxiliarium,
1406 2506 1587 2571 quibus
1618 2515 1737 2556 nota
1768 2508 1895 2557 vada

228 2598 276 2638 et
312 2588 496 2653 patrius
532 2588 685 2637 nandi
722 2605 852 2648 usuS,
892 2604 993 2652 quo
1032 2587 1176 2638 simul
1213 2605 1366 2652 seque
1401 2597 1450 2637 et
1484 2604 1619 2637 arma
1655 2596 1703 2637 et
1738 2604 1894 2652 equos

283 2732 308 2758 2
339 2717 614 2766 Bregantium
637 2716 721 2755 r¹A
922 2731 946 2766 4
968 2730 1052 2767 que
1082 2717 1167 2757 secl.
1196 2715 1362 2757 Halm:
1408 2716 1483 2755 sed
1511 2715 1711 2756 sustinuit
1743 2715 1891 2756 Orelli:

221 2777 316 2824 post
353 2772 564 2811 obruisset
603 2768 799 2810 lacunam
839 2770 990 2810 indicat
1027 2771 1127 2811 Wex
1302 2784 1325 2821 7
1356 2770 1630 2821 locorumque
1664 2776 1701 2809 Δ
1866 2772 1894 2810 8

231 2826 454 2867 Britannia
486 2831 523 2864 Δ
694 2838 739 2864 11
774 2831 996 2866 uterentur
1029 2826 1154 2878 (obelo
1185 2825 1387 2877 adposito)
1425 2829 1455 2863 Γ
1626 2837 1682 2864 20
1711 2825 1891 2875 degredi

228 2880 469 2920 Acidalius:
502 2879 666 2930 digredi
687 2879 796 2920 codd.
965 2894 1017 2930 24
1050 2879 1228 2919 Nomam
1251 2884 1288 2918 Δ
1370 2892 1395 2919 a
1416 2877 1511 2920 add.
1526 2877 1644 2919 editio
1663 2877 1893 2930 Bae‘pontt'na

229 2937 282 2974 26
311 2935 462 2974 subitis
495 2934 544 2983 J.
574 2934 620 2974 F.
661 2933 914 2973 Gronovius:
964 2934 1105 2973 dubiis
1139 2932 1248 2972 codd.
1415 2945 1467 2982 27
1498 2933 1733 2972 transvexit
1764 2932 1891 2984 Fun:

230 2996 409 3028 tranuex
432 2993 459 3026 Γ
477 3002 485 3027 :
517 2994 685 3027 tranare
707 2994 828 3027 extra
848 2993 885 3025 Δ
1024 2999 1078 3038 29
1106 2988 1268 3039 patrius
1288 2986 1413 3027 Put..:
1444 2987 1564 3037 prius
1584 2990 1639 3026 P:
1671 2986 1789 3037 prius
1809 2992 1846 3026 A
