2138 3470
632 183 988 233 DIALOGUS
1027 185 1121 232 DE
1158 185 1616 236 ORATORIBUS

294 330 413 382 ratu,
439 320 551 370 sine'
570 322 769 381 honore,
797 337 955 384 paene
980 321 1184 370 dixerim
1214 321 1319 370 sine
1348 321 1660 385 ingenuitate,
1689 323 1829 387 quasi
1852 342 1951 374 una

293 419 361 452 ex.
392 401 738 452 sordidissimis
779 401 993 451 artificiis
1035 401 1262 452 discatur.
1335 419 1449 467 ergo
1487 404 1616 453 hanc
1657 404 1865 467 primam
1904 414 1953 454 et
1976 421 1998 460 5

293 481 606 546 praecipuam
642 499 841 532 causam
878 482 1095 542 arbitror,
1135 499 1221 532 cur
1255 482 1306 532 in
1343 491 1534 532 tantum
1569 484 1633 533 ab
1670 484 1952 548 eloquentia

292 562 605 627 antiquorum
638 572 885 613 oratorum
918 563 1270 613 recesserimus.
1344 564 1383 613 si
1416 573 1563 614 testes
1596 564 1947 627 desiderantur,

245 654 268 695 5
292 661 416 708 quos
441 644 655 708 potiores
681 645 950 694 nominabo
975 662 1124 708 quam
1148 645 1283 708 apud
1300 646 1515 695 Graecos
1542 647 1947 706 Demosthenem,

292 741 442 789 quem
477 725 890 775 studiosissimum
929 725 1146 775 Platonis
1179 726 1461 776 'auditorem
1498 725 1646 775 fuisse
1685 727 1951 777 memoriae

293 804 542 868 proditum
567 808 676 855 est?
745 814 795 855 et
820 805 995 856 Cicero
1020 806 1108 866 his,
1137 815 1192 855 ut
1215 805 1402 870 opinor,
1431 805 1591 856 verbis
1628 808 1782 867 refert,
1813 807 1951 871 quid·
1974 810 2000 851 6

291 885 413 949 quid
437 886 487 934 in
513 887 793 950 eloquentia
817 886 1042 947 effecerit,
1071 886 1123 936 id
1147 903 1200 936 se
1224 904 1326 937 non
1351 889 1601 937 rhetorum
1625 889 1832 950 officinis,
1862 890 1950 938 sed

291 966 592 1016 Academiae
624 967 791 1031 spatiis
825 976 1159 1016 consecutum.
1232 976 1346 1016 sunt
1369 967 1493 1017 aliae
1522 983 1712 1027 causae,
1742 984 1950 1031 magnae
1979 979 2000 1020 7

221 1060 271 1091 10
292 1056 341 1096 et
374 1064 555 1111 graves,
584 1064 704 1111 quas
737 1048 877 1097 vobis
909 1036 1082 1110 aperiri
1116 1065 1329 1111 aequum
1364 1057 1449 1108 est,
1478 1048 1715 1111 quoniam
1748 1047 1950 1111 quidem

291 1143 384 1191 ego
407 1127 505 1176 iam
530 1144 695 1177 meum
720 1144 900 1177 munus
917 1127 1117 1191 explevi,
1141 1137 1190 1176 et
1208 1130 1344 1191 quod
1370 1127 1491 1176 mihi
1515 1128 1566 1177 in
1591 1128 1950 1178 consuetudine

291 1217 376 1268 est,
404 1207 519 1257 satis
544 1210 724 1257 multos
749 1207 946 1268 offendi,
967 1224 1104 1271 quos,
1125 1207 1165 1256 si
1189 1210 1312 1257 forte
1337 1209 1460 1257 haec
1483 1208 1739 1268 audierint,
1763 1217 1949 1257 certum

290 1289 453 1338 habeo
476 1288 692 1338 dicturos
717 1305 810 1348 me,
833 1290 953 1338 dum
979 1288 1093 1338 iuris
1113 1297 1162 1338 et
1185 1287 1527 1351 philosophiae
1552 1287 1807 1337 scientiam
1833 1296 1950 1337 tarn-

229 1427 238 1431 „
266 1412 268 1415 .
291 1385 442 1432 quam
466 1368 644 1417 oratori
668 1368 991 1418 necessariam
1017 1370 1179 1427 laudo,
1209 1367 1403 1431 ineptiis
1429 1368 1550 1417 meis
1575 1367 1843 1431 plausisse.'

221 1463 268 1505 15
361 1450 426 1497 Et
442 1451 696 1498 Maternus
725 1448 870 1498 ‘mihi
886 1449 1115 1513 quidem'
1141 1448 1300 1512 inquit
1327 1452 1636 1512 ‘susceptum
1654 1465 1684 1497 a
1703 1457 1750 1498 te
1769 1465 1948 1497 munus
1972 1453 2036 1500 33

290 1529 418 1578 adeo
442 1528 683 1592 peregisse
706 1530 931 1578 nondum
955 1528 1145 1588 videris,
1168 1537 1222 1577 ut
1246 1528 1504 1577 incohasse
1527 1537 1719 1577 tantum
1745 1536 1794 1576 et
1817 1530 1949 1577 velut

290 1607 491 1672 vestigia
526 1625 585 1658 ac
622 1608 906 1658 liniamenta
943 1610 1187 1672 quaedam
1226 1608 1501 1658 ostendisse
1538 1606 1758 1656 videaris.
1831 1624 1946 1655 nam
1975 1624 1993 1650 2

289 1688 469 1751 quibus
493 1689 679 1738 artibus
702 1688 873 1738 instrui
892 1698 1078 1739 veteres
1103 1697 1318 1739 oratores
1343 1687 1473 1738 soliti
1497 1687 1607 1747 sint,
1627 1686 1789 1736 dixisti
1813 1687 1947 1736 diffe-

289 1767 595 1832 rentiamque
619 1777 813 1818 nostrae
836 1768 1056 1818 desidiae
1075 1778 1124 1818 et
1147 1768 1432 1817 inscientiae
1456 1769 1689 1817 adversus
1712 1766 1947 1815 acerrima

218 1868 268 1897 20
289 1856 338 1898 et
355 1847 705 1898 fecundissima
727 1865 897 1898 eorum
922 1849 1085 1898 studia
1109 1847 1454 1898 demonstrasti
1474 1866 1483 1896 ε
1520 1855 1681 1896 cetera
1699 1855 1941 1909 exspecto,

289 1937 344 1977 ut
366 1945 515 1992 quern
532 1930 597 1978 ad
622 1930 828 1979 modum
846 1946 906 1979 ex
924 1938 972 1979 te
997 1929 1160 1989 didici,
1182 1928 1302 1992 quid
1325 1937 1410 1977 aut
1433 1927 1502 1975 illi
1527 1926 1723 1976 scierint
1746 1934 1830 1974 aut
1854 1942 1945 1975 nos

288 2007 577 2069 nesciamus,
605 2008 671 2058 ita
702 2011 799 2060 hoc
827 2026 1027 2074 quoque
1055 2026 1363 2074 cognoscam,
1392 2007 1571 2072 quibus
1596 2006 1946 2056 exercitationi-

288 2087 381 2136 bus
405 2087 606 2138 iuvenes
638 2089 735 2138 iam
764 2098 814 2139 et
843 2091 1004 2139 forum
1036 2088 1295 2153 ingressuri
1328 2089 1618 2137 confirmare
1642 2095 1691 2135 et
1713 2088 1842 2134 alere
1877 2085 1946 2134 in-

288 2167 431 2231 genia
454 2185 542 2217 sua
564 2168 693 2218 soliti
717 2169 825 2218 sint.
898 2186 1061 2233 neque
1080 2168 1212 2218 enirn
1236 2170 1395 2218 solum
1419 2177 1521 2217 arte
1546 2176 1594 2216 et
1618 2165 1833 2225 scientia,
1857 2167 1944 2215 sed
1970 2179 1992 2218 3

217 2261 266 2302 25
289 2248 434 2312 longe
465 2248 618 2312 magis
654 2251 883 2299 facultate
918 2259 967 2298 et
1002 2266 1091 2297 usu
1121 2248 1452 2312 eloquentiam
1486 2245 1737 2305 contineri,
1765 2262 1859 2294 nec
1890 2254 1943 2295 tu

288 2336 410 2395 puto
432 2328 621 2378 abnues
646 2338 695 2378 et
718 2328 770 2377 hi
794 2329 1065 2393 significare
1089 2331 1226 2378 vultu
1249 2328 1506 2377 videntur.’

358 2406 554 2458 Deinde
582 2425 696 2458 cum
720 2411 854 2472 Aper
885 2425 1085 2472 quoque
1113 2417 1163 2457 et
1186 2409 1443 2458 Secundus
1476 2406 1609 2456 idem
1637 2405 1939 2463 adnuissent,
1965 2416 1992 2454 4

290 2486 522 2536 Messalla
553 2487 692 2551 quasi
724 2504 886 2536 rursus
918 2487 1187 2551 incipiens:
1228 2486 1489 2550 ‘quoniam
1522 2485 1659 2534 initia
1683 2494 1732 2534 et
1755 2485 1943 2540 semina

288 2564 461 2614 veteris
480 2566 790 2629 eloquentiae
805 2566 920 2615 satis
938 2567 1301 2616 demonstrasse
1314 2566 1496 2625 videor,
1513 2567 1743 2615 docendo
1762 2564 1942 2628 quibus

217 2658 268 2697 30
289 2643 472 2693 artibus
499 2645 689 2708 antiqui
720 2655 934 2696 oratores
965 2645 1151 2695 institui
1179 2645 1457 2709 erudirique
1489 2643 1617 2694 soliti
1649 2645 1757 2703 sint,
1786 2656 1942 2707 perse-

344 2783 369 2809 2
398 2783 478 2820 ego
497 2770 586 2810 AB
749 2774 776 2811 8
805 2785 890 2811 non
911 2786 966 2811 ex
988 2803 996 2812 .
1021 2803 1029 2812 .
1054 2803 1062 2812 .
1086 2774 1162 2812 sed
1183 2786 1236 2812 ex
1260 2771 1364 2812 Gud.
1477 2772 1656 2812 officinis
1683 2770 1778 2810 add.
1799 2772 1944 2810 Haase

295 2836 344 2862 10
373 2837 398 2863 a
419 2825 540 2863 uobis
561 2824 617 2864 Β)
758 2839 806 2865 12
834 2838 942 2875 quos
961 2826 1179 2865 Pithoeus:
1210 2827 1321 2877 quod
1342 2822 1451 2866 codd.
1596 2827 1644 2864 18
1672 2825 1831 2864 artibus
1843 2823 1936 2863 add.

290 2875 475 2928 Schopen
610 2892 660 2918 21
692 2880 864 2919 scierint
889 2879 1205 2929 Schurzfleisch:
1235 2880 1393 2920 scirent
1413 2880 1524 2919 codd.
1673 2891 1725 2928 23
1759 2878 1938 2927 ingressi

293 2929 369 2968 CD
512 2945 563 2980 24
594 2932 731 2971 solum
751 2933 938 2973 Dmnke:
970 2934 1070 2972 dum
1091 2933 1199 2974 codd.
1350 2946 1401 2983 25
1432 2947 1510 2973 usu
1531 2932 1623 2973 add.
1654 2931 1866 2981 Tyrwhitt:
1898 2936 1941 2969 et

215 3005 218 3009 -
289 2981 363 3022 del.
386 2982 482 3022 Put.
598 2988 652 3024 26
680 2986 722 3025 hi
742 2986 801 3037 H,
825 2987 984 3028 Rhea:
1016 2987 1043 3026 ii
1064 2991 1143 3027 cett.
1285 3000 1338 3038 29
1367 2987 1515 3027 uideor
1533 2986 1614 3025 3²:
1646 2986 1815 3038 uidetur
1834 2989 1913 3024 oett.

1784 3063 1833 3103 8*
