<?xml version="1.0" encoding="UTF-8"?>
<!DOCTYPE html PUBLIC "-//W3C//DTD XHTML 1.0 Transitional//EN"
    "http://www.w3.org/TR/xhtml1/DTD/xhtml1-transitional.dtd">
<html xmlns="http://www.w3.org/1999/xhtml" xml:lang="en" lang="en">
 <head>
  <title>
</title>
<meta http-equiv="Content-Type" content="text/html;charset=utf-8" />
  <meta name='ocr-system' content='tesseract 3.04.00' />
  <meta name='ocr-capabilities' content='ocr_page ocr_carea ocr_par ocr_line ocrx_word'/>
</head>
<body>
  <div class='ocr_page' id='page_1' title='image "./operaminorarecog00taciuoft_0051.png"; bbox 0 0 2138 3470; ppageno 0'>
   <div class='ocr_carea' id='block_1_1' title="bbox 862 169 1226 220">
    <p class='ocr_par' dir='ltr' id='par_1_1' title="bbox 862 169 1226 220">
     <span class='ocr_line' id='line_1_1' title="bbox 862 169 1226 220; baseline 0 -2"><span class='ocrx_word' id='word_1_1' title='bbox 862 169 1226 220; x_wconf 91' lang='lat' dir='ltr'><strong>AGRICOLA</strong></span> 
     </span>
    </p>
   </div>
   <div class='ocr_carea' id='block_1_2' title="bbox 148 307 1942 2718">
    <p class='ocr_par' dir='ltr' id='par_1_2' title="bbox 217 307 1935 618">
     <span class='ocr_line' id='line_1_2' title="bbox 286 307 1935 375; baseline 0.002 -16"><span class='ocrx_word' id='word_1_2' title='bbox 286 311 508 374; x_wconf 89' lang='lat' dir='ltr'><strong>Sequens</strong></span> <span class='ocrx_word' id='word_1_3' title='bbox 548 324 708 360; x_wconf 88' lang='lat' dir='ltr'><strong>annus</strong></span> <span class='ocrx_word' id='word_1_4' title='bbox 748 307 880 374; x_wconf 87' lang='lat' dir='ltr'><strong>gravi</strong></span> <span class='ocrx_word' id='word_1_5' title='bbox 921 310 1120 359; x_wconf 88' lang='lat' dir='ltr'><strong>vulnere</strong></span> <span class='ocrx_word' id='word_1_6' title='bbox 1158 307 1380 360; x_wconf 88' lang='lat' dir='ltr'><strong>animum</strong></span> <span class='ocrx_word' id='word_1_7' title='bbox 1421 310 1730 375; x_wconf 88' lang='lat' dir='ltr'><strong>domumque</strong></span> <span class='ocrx_word' id='word_1_8' title='bbox 1776 311 1879 362; x_wconf 88' lang='lat' dir='ltr'><strong>eius</strong></span> <span class='ocrx_word' id='word_1_9' title='bbox 1905 317 1935 369; x_wconf 89' lang='grc'><strong>’1</strong></span> 
     </span>
     <span class='ocr_line' id='line_1_3' title="bbox 217 389 1930 456; baseline 0.003 -17"><span class='ocrx_word' id='word_1_10' title='bbox 217 389 416 440; x_wconf 89' lang='lat' dir='ltr'><strong>adflixit.</strong></span> <span class='ocrx_word' id='word_1_11' title='bbox 490 406 605 439; x_wconf 89' lang='lat' dir='ltr'><strong>nam</strong></span> <span class='ocrx_word' id='word_1_12' title='bbox 634 389 801 440; x_wconf 91' lang='lat' dir='ltr'><strong>classis</strong></span> <span class='ocrx_word' id='word_1_13' title='bbox 832 389 1117 440; x_wconf 83' lang='lat' dir='ltr'><strong>Othoniana</strong></span> <span class='ocrx_word' id='word_1_14' title='bbox 1152 389 1354 440; x_wconf 89' lang='lat' dir='ltr'><strong>licenter</strong></span> <span class='ocrx_word' id='word_1_15' title='bbox 1387 407 1509 456; x_wconf 88' lang='lat' dir='ltr'><strong>vaga</strong></span> <span class='ocrx_word' id='word_1_16' title='bbox 1544 393 1666 442; x_wconf 92' lang='lat' dir='ltr'><strong>dum</strong></span> <span class='ocrx_word' id='word_1_17' title='bbox 1693 392 1879 442; x_wconf 90' lang='lat' dir='ltr'><strong>Intimi·</strong></span> <span class='ocrx_word' id='word_1_18' title='bbox 1909 417 1930 446; x_wconf 82' lang='lat'><em>2</em></span> 
     </span>
     <span class='ocr_line' id='line_1_4' title="bbox 218 469 1881 537; baseline 0.002 -18"><span class='ocrx_word' id='word_1_19' title='bbox 218 469 338 520; x_wconf 92' lang='lat' dir='ltr'><strong>lium</strong></span> <span class='ocrx_word' id='word_1_20' title='bbox 364 469 612 536; x_wconf 85' lang='lat' dir='ltr'>(Liguriae</span> <span class='ocrx_word' id='word_1_21' title='bbox 635 487 745 536; x_wconf 87' lang='lat' dir='ltr'><strong>pars</strong></span> <span class='ocrx_word' id='word_1_22' title='bbox 770 469 864 535; x_wconf 90' lang='lat' dir='ltr'><strong>est)</strong></span> <span class='ocrx_word' id='word_1_23' title='bbox 890 470 1131 520; x_wconf 89' lang='lat' dir='ltr'>hostiliter</span> <span class='ocrx_word' id='word_1_24' title='bbox 1154 473 1428 535; x_wconf 86' lang='lat' dir='ltr'>populatur,</span> <span class='ocrx_word' id='word_1_25' title='bbox 1456 482 1663 523; x_wconf 89' lang='lat' dir='ltr'><strong>matrem</strong></span> <span class='ocrx_word' id='word_1_26' title='bbox 1683 473 1881 537; x_wconf 89' lang='lat' dir='ltr'><strong>Agrico-</strong></span> 
     </span>
     <span class='ocr_line' id='line_1_5' title="bbox 217 549 1880 618; baseline 0.003 -18"><span class='ocrx_word' id='word_1_27' title='bbox 217 552 295 600; x_wconf 88' lang='lat' dir='ltr'><strong>lae</strong></span> <span class='ocrx_word' id='word_1_28' title='bbox 328 549 380 599; x_wconf 92' lang='lat' dir='ltr'><strong>in</strong></span> <span class='ocrx_word' id='word_1_29' title='bbox 420 550 631 615; x_wconf 91' lang='lat' dir='ltr'><strong>praediis</strong></span> <span class='ocrx_word' id='word_1_30' title='bbox 666 551 767 600; x_wconf 92' lang='lat' dir='ltr'><strong>suis</strong></span> <span class='ocrx_word' id='word_1_31' title='bbox 801 550 1055 612; x_wconf 85' lang='lat' dir='ltr'><strong>interfecit,</strong></span> <span class='ocrx_word' id='word_1_32' title='bbox 1091 551 1390 616; x_wconf 84' lang='lat' dir='ltr'><strong>praediaque</strong></span> <span class='ocrx_word' id='word_1_33' title='bbox 1424 552 1531 617; x_wconf 92' lang='lat' dir='ltr'><strong>ipsa</strong></span> <span class='ocrx_word' id='word_1_34' title='bbox 1566 562 1615 603; x_wconf 92' lang='lat' dir='ltr'><strong>et</strong></span> <span class='ocrx_word' id='word_1_35' title='bbox 1651 571 1880 618; x_wconf 89' lang='lat' dir='ltr'><strong>magnam</strong></span> 
     </span>
    </p>

    <p class='ocr_par' dir='ltr' id='par_1_3' title="bbox 172 630 1938 1021">
     <span class='ocr_line' id='line_1_6' title="bbox 172 630 1934 699; baseline 0.003 -20"><span class='ocrx_word' id='word_1_36' title='bbox 172 650 194 690; x_wconf 88' lang='lat'>5</span> <span class='ocrx_word' id='word_1_37' title='bbox 218 630 498 695; x_wconf 85' lang='lat' dir='ltr'><strong>patrimonii</strong></span> <span class='ocrx_word' id='word_1_38' title='bbox 526 640 715 696; x_wconf 89' lang='lat' dir='ltr'><strong>partem</strong></span> <span class='ocrx_word' id='word_1_39' title='bbox 744 631 956 696; x_wconf 90' lang='lat' dir='ltr'><strong>diripuit,</strong></span> <span class='ocrx_word' id='word_1_40' title='bbox 985 648 1113 695; x_wconf 89' lang='lat' dir='ltr'><strong>quae</strong></span> <span class='ocrx_word' id='word_1_41' title='bbox 1135 649 1284 681; x_wconf 90' lang='lat' dir='ltr'><strong>causa</strong></span> <span class='ocrx_word' id='word_1_42' title='bbox 1307 632 1473 682; x_wconf 90' lang='lat' dir='ltr'><strong>caedis</strong></span> <span class='ocrx_word' id='word_1_43' title='bbox 1497 635 1665 684; x_wconf 89' lang='lat' dir='ltr'><strong>fuerat.</strong></span> <span class='ocrx_word' id='word_1_44' title='bbox 1738 635 1882 699; x_wconf 89' lang='lat' dir='ltr'><strong>igitur</strong></span> <span class='ocrx_word' id='word_1_45' title='bbox 1909 656 1934 697; x_wconf 81' lang='lat'><strong>3</strong></span> 
     </span>
     <span class='ocr_line' id='line_1_7' title="bbox 218 711 1886 777; baseline 0.003 -17"><span class='ocrx_word' id='word_1_46' title='bbox 218 712 284 761; x_wconf 91' lang='lat' dir='ltr'><strong>ad</strong></span> <span class='ocrx_word' id='word_1_47' title='bbox 319 712 576 761; x_wconf 86' lang='lat' dir='ltr'><strong>sollemnia</strong></span> <span class='ocrx_word' id='word_1_48' title='bbox 610 711 804 776; x_wconf 90' lang='lat' dir='ltr'><strong>pietatis</strong></span> <span class='ocrx_word' id='word_1_49' title='bbox 839 714 1087 776; x_wconf 91' lang='lat' dir='ltr'><strong>profectus</strong></span> <span class='ocrx_word' id='word_1_50' title='bbox 1116 713 1355 777; x_wconf 88' lang='lat' dir='ltr'><strong>Agricola,</strong></span> <span class='ocrx_word' id='word_1_51' title='bbox 1384 714 1559 763; x_wconf 90' lang='lat' dir='ltr'><strong>nuntio</strong></span> <span class='ocrx_word' id='word_1_52' title='bbox 1590 715 1822 765; x_wconf 86' lang='lat' dir='ltr'><strong>adfectati</strong></span> <span class='ocrx_word' id='word_1_53' title='bbox 1853 732 1886 765; x_wconf 91' lang='lat' dir='ltr'><strong>a</strong></span> 
     </span>
     <span class='ocr_line' id='line_1_8' title="bbox 218 792 1887 860; baseline 0.003 -20"><span class='ocrx_word' id='word_1_54' title='bbox 218 792 527 856; x_wconf 89' lang='lat' dir='ltr'><strong>Vespasiano</strong></span> <span class='ocrx_word' id='word_1_55' title='bbox 562 792 753 856; x_wconf 91' lang='lat' dir='ltr'><strong>imperii</strong></span> <span class='ocrx_word' id='word_1_56' title='bbox 788 794 1124 857; x_wconf 90' lang='lat' dir='ltr'><strong>deprehensus</strong></span> <span class='ocrx_word' id='word_1_57' title='bbox 1161 810 1220 843; x_wconf 92' lang='lat' dir='ltr'><strong>ac</strong></span> <span class='ocrx_word' id='word_1_58' title='bbox 1259 793 1423 843; x_wconf 89' lang='lat' dir='ltr'><strong>statim</strong></span> <span class='ocrx_word' id='word_1_59' title='bbox 1458 794 1511 844; x_wconf 91' lang='lat' dir='ltr'><strong>in</strong></span> <span class='ocrx_word' id='word_1_60' title='bbox 1546 794 1696 860; x_wconf 89' lang='lat' dir='ltr'><strong>partis</strong></span> <span class='ocrx_word' id='word_1_61' title='bbox 1736 804 1887 845; x_wconf 88' lang='lat' dir='ltr'><strong>trans-</strong></span> 
     </span>
     <span class='ocr_line' id='line_1_9' title="bbox 218 872 1938 938; baseline 0.003 -17"><span class='ocrx_word' id='word_1_62' title='bbox 218 889 411 936; x_wconf 86' lang='lat' dir='ltr'><strong>gressus</strong></span> <span class='ocrx_word' id='word_1_63' title='bbox 434 882 521 922; x_wconf 91' lang='lat' dir='ltr'><strong>est.</strong></span> <span class='ocrx_word' id='word_1_64' title='bbox 594 872 730 922; x_wconf 89' lang='lat' dir='ltr'><strong>initia</strong></span> <span class='ocrx_word' id='word_1_65' title='bbox 754 873 1053 938; x_wconf 89' lang='lat' dir='ltr'><strong>principatus</strong></span> <span class='ocrx_word' id='word_1_66' title='bbox 1077 891 1137 924; x_wconf 91' lang='lat' dir='ltr'><strong>ac</strong></span> <span class='ocrx_word' id='word_1_67' title='bbox 1161 883 1342 924; x_wconf 91' lang='lat' dir='ltr'><strong>statum</strong></span> <span class='ocrx_word' id='word_1_68' title='bbox 1368 875 1502 925; x_wconf 91' lang='lat' dir='ltr'><strong>urbis</strong></span> <span class='ocrx_word' id='word_1_69' title='bbox 1529 876 1794 926; x_wconf 89' lang='lat' dir='ltr'><strong>Mucianus</strong></span> <span class='ocrx_word' id='word_1_70' title='bbox 1818 893 1888 926; x_wconf 85' lang='lat' dir='ltr'><strong>re·</strong></span> <span class='ocrx_word' id='word_1_71' title='bbox 1914 897 1938 935; x_wconf 77' lang='lat'><em>4</em></span> 
     </span>
     <span class='ocr_line' id='line_1_10' title="bbox 219 953 1887 1021; baseline 0.003 -19"><span class='ocrx_word' id='word_1_72' title='bbox 219 953 379 1018; x_wconf 89' lang='lat' dir='ltr'><strong>gebat,</strong></span> <span class='ocrx_word' id='word_1_73' title='bbox 414 953 591 1003; x_wconf 90' lang='lat' dir='ltr'><strong>iuvene</strong></span> <span class='ocrx_word' id='word_1_74' title='bbox 624 955 899 1003; x_wconf 88' lang='lat' dir='ltr'><strong>admodum</strong></span> <span class='ocrx_word' id='word_1_75' title='bbox 937 954 1226 1004; x_wconf 90' lang='lat' dir='ltr'><strong>Domitiano</strong></span> <span class='ocrx_word' id='word_1_76' title='bbox 1262 965 1311 1006; x_wconf 92' lang='lat' dir='ltr'><strong>et</strong></span> <span class='ocrx_word' id='word_1_77' title='bbox 1352 973 1412 1006; x_wconf 87' lang='lat' dir='ltr'><strong>ex</strong></span> <span class='ocrx_word' id='word_1_78' title='bbox 1452 965 1655 1021; x_wconf 89' lang='lat' dir='ltr'><strong>paterna</strong></span> <span class='ocrx_word' id='word_1_79' title='bbox 1692 959 1887 1007; x_wconf 89' lang='lat' dir='ltr'><strong>fortuna</strong></span> 
     </span>
    </p>

    <p class='ocr_par' dir='ltr' id='par_1_4' title="bbox 148 1034 1931 1424">
     <span class='ocr_line' id='line_1_11' title="bbox 148 1034 1931 1103; baseline 0.005 -24"><span class='ocrx_word' id='word_1_80' title='bbox 148 1051 200 1081; x_wconf 82' lang='lat'><strong>10</strong></span> <span class='ocrx_word' id='word_1_81' title='bbox 220 1043 413 1084; x_wconf 89' lang='lat' dir='ltr'><strong>tantum</strong></span> <span class='ocrx_word' id='word_1_82' title='bbox 437 1034 684 1084; x_wconf 88' lang='lat' dir='ltr'><strong>licentiam</strong></span> <span class='ocrx_word' id='word_1_83' title='bbox 710 1045 988 1099; x_wconf 91' lang='lat' dir='ltr'><strong>usurpante.</strong></span> <span class='ocrx_word' id='word_1_84' title='bbox 1050 1035 1090 1085; x_wconf 91' lang='lat' dir='ltr'><strong>is</strong></span> <span class='ocrx_word' id='word_1_85' title='bbox 1115 1036 1319 1085; x_wconf 88' lang='lat' dir='ltr'><strong>missurn</strong></span> <span class='ocrx_word' id='word_1_86' title='bbox 1344 1038 1409 1086; x_wconf 90' lang='lat' dir='ltr'><strong>ad</strong></span> <span class='ocrx_word' id='word_1_87' title='bbox 1435 1037 1643 1088; x_wconf 90' lang='lat' dir='ltr'><strong>dilectus</strong></span> <span class='ocrx_word' id='word_1_88' title='bbox 1667 1040 1886 1103; x_wconf 88' lang='lat' dir='ltr'><strong>agendos</strong></span> <span class='ocrx_word' id='word_1_89' title='bbox 1908 1059 1931 1100; x_wconf 90' lang='lat'>5</span> 
     </span>
     <span class='ocr_line' id='line_1_12' title="bbox 220 1115 1887 1184; baseline 0.003 -20"><span class='ocrx_word' id='word_1_90' title='bbox 220 1115 500 1180; x_wconf 89' lang='lat' dir='ltr'><strong>Agricolam</strong></span> <span class='ocrx_word' id='word_1_91' title='bbox 525 1115 811 1180; x_wconf 86' lang='lat' dir='ltr'><strong>integreque</strong></span> <span class='ocrx_word' id='word_1_92' title='bbox 839 1132 898 1165; x_wconf 92' lang='lat' dir='ltr'><strong>ac</strong></span> <span class='ocrx_word' id='word_1_93' title='bbox 926 1125 1124 1166; x_wconf 89' lang='lat' dir='ltr'><strong>strenue</strong></span> <span class='ocrx_word' id='word_1_94' title='bbox 1148 1127 1392 1167; x_wconf 88' lang='lat' dir='ltr'><strong>versatum</strong></span> <span class='ocrx_word' id='word_1_95' title='bbox 1419 1117 1681 1169; x_wconf 86' lang='lat' dir='ltr'><strong>vicesimae</strong></span> <span class='ocrx_word' id='word_1_96' title='bbox 1705 1119 1887 1184; x_wconf 89' lang='lat' dir='ltr'><strong>legioni</strong></span> 
     </span>
     <span class='ocr_line' id='line_1_13' title="bbox 219 1197 1888 1262; baseline 0.002 -16"><span class='ocrx_word' id='word_1_97' title='bbox 219 1197 358 1246; x_wconf 89' lang='lat' dir='ltr'><strong>tarde</strong></span> <span class='ocrx_word' id='word_1_98' title='bbox 380 1198 446 1246; x_wconf 85' lang='lat' dir='ltr'><strong>ad</strong></span> <span class='ocrx_word' id='word_1_99' title='bbox 470 1205 832 1246; x_wconf 88' lang='lat' dir='ltr'><strong>sacramentum</strong></span> <span class='ocrx_word' id='word_1_100' title='bbox 865 1205 1191 1262; x_wconf 88' lang='lat' dir='ltr'><strong>transgressae</strong></span> <span class='ocrx_word' id='word_1_101' title='bbox 1222 1198 1516 1262; x_wconf 91' lang='lat' dir='ltr'><strong>praeposuit,</strong></span> <span class='ocrx_word' id='word_1_102' title='bbox 1545 1199 1633 1249; x_wconf 94' lang='lat' dir='ltr'><strong>ubi</strong></span> <span class='ocrx_word' id='word_1_103' title='bbox 1657 1201 1888 1250; x_wconf 89' lang='lat' dir='ltr'><strong>decessor</strong></span> 
     </span>
     <span class='ocr_line' id='line_1_14' title="bbox 219 1277 1887 1344; baseline 0.003 -18"><span class='ocrx_word' id='word_1_104' title='bbox 219 1277 452 1328; x_wconf 90' lang='lat' dir='ltr'><strong>seditiose</strong></span> <span class='ocrx_word' id='word_1_105' title='bbox 474 1294 617 1343; x_wconf 88' lang='lat' dir='ltr'><strong>agere</strong></span> <span class='ocrx_word' id='word_1_106' title='bbox 641 1279 953 1328; x_wconf 88' lang='lat' dir='ltr'><strong>narrabatur:</strong></span> <span class='ocrx_word' id='word_1_107' title='bbox 991 1278 1176 1343; x_wconf 88' lang='lat' dir='ltr'><strong>quippe</strong></span> <span class='ocrx_word' id='word_1_108' title='bbox 1201 1278 1368 1343; x_wconf 88' lang='lat' dir='ltr'><strong>legatis</strong></span> <span class='ocrx_word' id='word_1_109' title='bbox 1395 1297 1596 1344; x_wconf 92' lang='lat' dir='ltr'><strong>quoque</strong></span> <span class='ocrx_word' id='word_1_110' title='bbox 1624 1281 1887 1331; x_wconf 90' lang='lat' dir='ltr'><strong>consulari-</strong></span> 
     </span>
     <span class='ocr_line' id='line_1_15' title="bbox 219 1353 1885 1424; baseline 0.002 -17"><span class='ocrx_word' id='word_1_111' title='bbox 219 1358 314 1408; x_wconf 90' lang='lat' dir='ltr'><strong>bus</strong></span> <span class='ocrx_word' id='word_1_112' title='bbox 355 1357 507 1408; x_wconf 84' lang='lat' dir='ltr'><strong>nimia</strong></span> <span class='ocrx_word' id='word_1_113' title='bbox 546 1375 606 1408; x_wconf 90' lang='lat' dir='ltr'><strong>ac</strong></span> <span class='ocrx_word' id='word_1_114' title='bbox 646 1353 965 1409; x_wconf 86' lang='lat' dir='ltr'><strong>formidolosa</strong></span> <span class='ocrx_word' id='word_1_115' title='bbox 1006 1368 1120 1420; x_wconf 90' lang='lat' dir='ltr'><strong>erat,</strong></span> <span class='ocrx_word' id='word_1_116' title='bbox 1159 1376 1252 1409; x_wconf 91' lang='lat' dir='ltr'><strong>nec</strong></span> <span class='ocrx_word' id='word_1_117' title='bbox 1289 1361 1477 1424; x_wconf 91' lang='lat' dir='ltr'><strong>legatus</strong></span> <span class='ocrx_word' id='word_1_118' title='bbox 1514 1361 1783 1424; x_wconf 89' lang='lat' dir='ltr'><strong>praetorius</strong></span> <span class='ocrx_word' id='word_1_119' title='bbox 1820 1363 1885 1411; x_wconf 88' lang='lat' dir='ltr'><strong>ad</strong></span> 
     </span>
    </p>

    <p class='ocr_par' dir='ltr' id='par_1_5' title="bbox 149 1438 1934 1665">
     <span class='ocr_line' id='line_1_16' title="bbox 149 1438 1934 1505; baseline 0.005 -22"><span class='ocrx_word' id='word_1_120' title='bbox 149 1453 197 1495; x_wconf 81' lang='lat'><strong>15</strong></span> <span class='ocrx_word' id='word_1_121' title='bbox 221 1438 559 1489; x_wconf 89' lang='lat' dir='ltr'><strong>cohibendum</strong></span> <span class='ocrx_word' id='word_1_122' title='bbox 583 1447 773 1503; x_wconf 89' lang='lat' dir='ltr'><strong>potens,</strong></span> <span class='ocrx_word' id='word_1_123' title='bbox 801 1438 1043 1489; x_wconf 90' lang='lat' dir='ltr'><strong>incertum</strong></span> <span class='ocrx_word' id='word_1_124' title='bbox 1070 1455 1162 1488; x_wconf 93' lang='lat' dir='ltr'><strong>suo</strong></span> <span class='ocrx_word' id='word_1_125' title='bbox 1193 1456 1258 1489; x_wconf 87' lang='lat' dir='ltr'><strong>an</strong></span> <span class='ocrx_word' id='word_1_126' title='bbox 1290 1439 1501 1490; x_wconf 88' lang='lat' dir='ltr'><strong>rnilitum</strong></span> <span class='ocrx_word' id='word_1_127' title='bbox 1535 1440 1745 1505; x_wconf 70' lang='lat' dir='ltr'><strong>ingenio</strong></span> <span class='ocrx_word' id='word_1_128' title='bbox 1819 1442 1886 1492; x_wconf 90' lang='lat' dir='ltr'><strong>ita</strong></span> <span class='ocrx_word' id='word_1_129' title='bbox 1909 1452 1934 1493; x_wconf 88' lang='lat'><strong>6</strong></span> 
     </span>
     <span class='ocr_line' id='line_1_17' title="bbox 221 1520 1885 1573; baseline 0.002 -4"><span class='ocrx_word' id='word_1_130' title='bbox 221 1536 475 1570; x_wconf 90' lang='lat' dir='ltr'><strong>successor</strong></span> <span class='ocrx_word' id='word_1_131' title='bbox 492 1520 637 1570; x_wconf 90' lang='lat' dir='ltr'><strong>simul</strong></span> <span class='ocrx_word' id='word_1_132' title='bbox 655 1529 705 1570; x_wconf 93' lang='lat' dir='ltr'><strong>et</strong></span> <span class='ocrx_word' id='word_1_133' title='bbox 723 1522 851 1571; x_wconf 92' lang='lat' dir='ltr'><strong>ultor</strong></span> <span class='ocrx_word' id='word_1_134' title='bbox 874 1522 1058 1571; x_wconf 90' lang='lat' dir='ltr'><strong>electus</strong></span> <span class='ocrx_word' id='word_1_135' title='bbox 1083 1520 1325 1571; x_wconf 86' lang='lat' dir='ltr'><strong>rarissima</strong></span> <span class='ocrx_word' id='word_1_136' title='bbox 1348 1522 1688 1573; x_wconf 88' lang='lat' dir='ltr'><strong>moderatione</strong></span> <span class='ocrx_word' id='word_1_137' title='bbox 1713 1523 1885 1573; x_wconf 90' lang='lat' dir='ltr'><strong>maluit</strong></span> 
     </span>
     <span class='ocr_line' id='line_1_18' title="bbox 220 1600 1207 1665; baseline 0.001 -14"><span class='ocrx_word' id='word_1_138' title='bbox 220 1600 374 1652; x_wconf 89' lang='lat' dir='ltr'><strong>videri</strong></span> <span class='ocrx_word' id='word_1_139' title='bbox 396 1600 640 1651; x_wconf 91' lang='lat' dir='ltr'><strong>invenisse</strong></span> <span class='ocrx_word' id='word_1_140' title='bbox 663 1601 824 1651; x_wconf 91' lang='lat' dir='ltr'><strong>bonos</strong></span> <span class='ocrx_word' id='word_1_141' title='bbox 849 1618 999 1665; x_wconf 89' lang='lat' dir='ltr'><strong>quam</strong></span> <span class='ocrx_word' id='word_1_142' title='bbox 1022 1601 1207 1652; x_wconf 88' lang='lat' dir='ltr'><strong>fecisse.</strong></span> 
     </span>
    </p>

    <p class='ocr_par' dir='ltr' id='par_1_6' title="bbox 221 1681 1942 1829">
     <span class='ocr_line' id='line_1_19' title="bbox 288 1681 1942 1748; baseline 0.001 -16"><span class='ocrx_word' id='word_1_143' title='bbox 288 1684 515 1733; x_wconf 90' lang='lat' dir='ltr'><strong>Praeerat</strong></span> <span class='ocrx_word' id='word_1_144' title='bbox 538 1691 658 1732; x_wconf 89' lang='lat' dir='ltr'><strong>tunc</strong></span> <span class='ocrx_word' id='word_1_145' title='bbox 683 1681 965 1732; x_wconf 87' lang='lat' dir='ltr'><strong>Britanniae</strong></span> <span class='ocrx_word' id='word_1_146' title='bbox 987 1681 1183 1733; x_wconf 87' lang='lat' dir='ltr'><strong>Vettius</strong></span> <span class='ocrx_word' id='word_1_147' title='bbox 1208 1684 1440 1744; x_wconf 81' lang='lat' dir='ltr'><strong>BolanuS,</strong></span> <span class='ocrx_word' id='word_1_148' title='bbox 1468 1683 1708 1748; x_wconf 89' lang='lat' dir='ltr'><strong>placidius</strong></span> <span class='ocrx_word' id='word_1_149' title='bbox 1733 1701 1883 1748; x_wconf 89' lang='lat' dir='ltr'><strong>quam</strong></span> <span class='ocrx_word' id='word_1_150' title='bbox 1910 1685 1942 1734; x_wconf 89' lang='grc'><strong>8</strong></span> 
     </span>
     <span class='ocr_line' id='line_1_20' title="bbox 221 1761 1884 1829; baseline 0.001 -16"><span class='ocrx_word' id='word_1_151' title='bbox 221 1761 371 1813; x_wconf 88' lang='lat' dir='ltr'><strong>feroci</strong></span> <span class='ocrx_word' id='word_1_152' title='bbox 394 1761 645 1828; x_wconf 90' lang='lat' dir='ltr'><strong>provincia</strong></span> <span class='ocrx_word' id='word_1_153' title='bbox 667 1762 872 1828; x_wconf 88' lang='lat' dir='ltr'><strong>dignum</strong></span> <span class='ocrx_word' id='word_1_154' title='bbox 897 1772 983 1814; x_wconf 88' lang='lat' dir='ltr'><strong>est.</strong></span> <span class='ocrx_word' id='word_1_155' title='bbox 1056 1763 1344 1827; x_wconf 89' lang='lat' dir='ltr'><strong>temperavit</strong></span> <span class='ocrx_word' id='word_1_156' title='bbox 1368 1764 1596 1829; x_wconf 89' lang='lat' dir='ltr'><strong>Agricola</strong></span> <span class='ocrx_word' id='word_1_157' title='bbox 1620 1765 1719 1814; x_wconf 89' lang='lat' dir='ltr'><strong>vim</strong></span> <span class='ocrx_word' id='word_1_158' title='bbox 1744 1781 1884 1815; x_wconf 88' lang='lat' dir='ltr'><strong>suam</strong></span> 
     </span>
    </p>

    <p class='ocr_par' dir='ltr' id='par_1_7' title="bbox 148 1843 1931 2233">
     <span class='ocr_line' id='line_1_21' title="bbox 148 1843 1885 1909; baseline 0.001 -16"><span class='ocrx_word' id='word_1_159' title='bbox 148 1859 201 1889; x_wconf 63' lang='grc' dir='ltr'><strong>πο</strong></span> <span class='ocrx_word' id='word_1_160' title='bbox 220 1845 546 1909; x_wconf 88' lang='lat' dir='ltr'><strong>ardoremque</strong></span> <span class='ocrx_word' id='word_1_161' title='bbox 574 1843 892 1908; x_wconf 90' lang='lat' dir='ltr'><strong>compescuit,</strong></span> <span class='ocrx_word' id='word_1_162' title='bbox 919 1861 984 1894; x_wconf 91' lang='lat' dir='ltr'><strong>ne</strong></span> <span class='ocrx_word' id='word_1_163' title='bbox 1007 1843 1310 1905; x_wconf 89' lang='lat' dir='ltr'><strong>incresceret,</strong></span> <span class='ocrx_word' id='word_1_164' title='bbox 1339 1845 1522 1909; x_wconf 91' lang='lat' dir='ltr'><strong>peritus</strong></span> <span class='ocrx_word' id='word_1_165' title='bbox 1548 1845 1758 1909; x_wconf 90' lang='lat' dir='ltr'><strong>obsequi</strong></span> <span class='ocrx_word' id='word_1_166' title='bbox 1782 1863 1885 1895; x_wconf 90' lang='lat' dir='ltr'><strong>eru-</strong></span> 
     </span>
     <span class='ocr_line' id='line_1_22' title="bbox 221 1924 1931 1989; baseline 0.001 -14"><span class='ocrx_word' id='word_1_167' title='bbox 221 1924 454 1989; x_wconf 92' lang='lat' dir='ltr'><strong>ditusque</strong></span> <span class='ocrx_word' id='word_1_168' title='bbox 493 1924 631 1975; x_wconf 87' lang='lat' dir='ltr'><strong>utilia</strong></span> <span class='ocrx_word' id='word_1_169' title='bbox 671 1924 892 1975; x_wconf 90' lang='lat' dir='ltr'><strong>honestis</strong></span> <span class='ocrx_word' id='word_1_170' title='bbox 931 1924 1150 1975; x_wconf 88' lang='lat' dir='ltr'><strong>miscere.</strong></span> <span class='ocrx_word' id='word_1_171' title='bbox 1228 1925 1365 1975; x_wconf 88' lang='lat' dir='ltr'><strong>brevi</strong></span> <span class='ocrx_word' id='word_1_172' title='bbox 1406 1925 1592 1976; x_wconf 91' lang='lat' dir='ltr'><strong>deinde</strong></span> <span class='ocrx_word' id='word_1_173' title='bbox 1633 1926 1885 1977; x_wconf 88' lang='lat' dir='ltr'><strong>Britannia</strong></span> <span class='ocrx_word' id='word_1_174' title='bbox 1909 1942 1931 1971; x_wconf 80' lang='lat'>2</span> 
     </span>
     <span class='ocr_line' id='line_1_23' title="bbox 221 2004 1885 2070; baseline 0.001 -15"><span class='ocrx_word' id='word_1_175' title='bbox 221 2007 530 2056; x_wconf 89' lang='lat' dir='ltr'><strong>consularem</strong></span> <span class='ocrx_word' id='word_1_176' title='bbox 559 2005 789 2056; x_wconf 91' lang='lat' dir='ltr'><strong>Petilium</strong></span> <span class='ocrx_word' id='word_1_177' title='bbox 819 2004 1062 2056; x_wconf 90' lang='lat' dir='ltr'><strong>Cerialem</strong></span> <span class='ocrx_word' id='word_1_178' title='bbox 1093 2005 1297 2070; x_wconf 90' lang='lat' dir='ltr'><strong>aceepit.</strong></span> <span class='ocrx_word' id='word_1_179' title='bbox 1371 2006 1650 2057; x_wconf 90' lang='lat' dir='ltr'><strong>habuerunt</strong></span> <span class='ocrx_word' id='word_1_180' title='bbox 1684 2007 1885 2058; x_wconf 89' lang='lat' dir='ltr'><strong>virtutes</strong></span> 
     </span>
     <span class='ocr_line' id='line_1_24' title="bbox 220 2086 1886 2152; baseline 0.001 -16"><span class='ocrx_word' id='word_1_181' title='bbox 220 2086 434 2152; x_wconf 89' lang='lat' dir='ltr'><strong>spatium</strong></span> <span class='ocrx_word' id='word_1_182' title='bbox 476 2089 825 2151; x_wconf 87' lang='lat' dir='ltr'><strong>exemplorum,</strong></span> <span class='ocrx_word' id='word_1_183' title='bbox 858 2088 948 2137; x_wconf 88' lang='lat' dir='ltr'><strong>sed</strong></span> <span class='ocrx_word' id='word_1_184' title='bbox 985 2087 1145 2151; x_wconf 90' lang='lat' dir='ltr'><strong>primo</strong></span> <span class='ocrx_word' id='word_1_185' title='bbox 1181 2086 1384 2137; x_wconf 90' lang='lat' dir='ltr'><strong>Cerialis</strong></span> <span class='ocrx_word' id='word_1_186' title='bbox 1420 2088 1611 2138; x_wconf 89' lang='lat' dir='ltr'><strong>labores</strong></span> <span class='ocrx_word' id='word_1_187' title='bbox 1649 2090 1801 2138; x_wconf 88' lang='lat' dir='ltr'><strong>modo</strong></span> <span class='ocrx_word' id='word_1_188' title='bbox 1837 2098 1886 2139; x_wconf 94' lang='lat' dir='ltr'><strong>et</strong></span> 
     </span>
     <span class='ocr_line' id='line_1_25' title="bbox 221 2166 1886 2233; baseline 0.001 -16"><span class='ocrx_word' id='word_1_189' title='bbox 221 2166 515 2229; x_wconf 88' lang='lat' dir='ltr'><strong>discrimina,</strong></span> <span class='ocrx_word' id='word_1_190' title='bbox 535 2185 651 2218; x_wconf 88' lang='lat' dir='ltr'><strong>mox</strong></span> <span class='ocrx_word' id='word_1_191' title='bbox 674 2177 723 2218; x_wconf 94' lang='lat' dir='ltr'><strong>et</strong></span> <span class='ocrx_word' id='word_1_192' title='bbox 740 2166 943 2232; x_wconf 89' lang='lat' dir='ltr'><strong>gloriam</strong></span> <span class='ocrx_word' id='word_1_193' title='bbox 968 2168 1368 2218; x_wconf 88' lang='lat' dir='ltr'><strong>communicabat</strong></span> <span class='ocrx_word' id='word_1_194' title='bbox 1390 2186 1400 2219; x_wconf 91' lang='lat'><strong>:</strong></span> <span class='ocrx_word' id='word_1_195' title='bbox 1437 2186 1586 2233; x_wconf 87' lang='lat' dir='ltr'><strong>saepe</strong></span> <span class='ocrx_word' id='word_1_196' title='bbox 1610 2169 1734 2233; x_wconf 92' lang='lat' dir='ltr'><strong>parti</strong></span> <span class='ocrx_word' id='word_1_197' title='bbox 1758 2186 1886 2219; x_wconf 88' lang='lat' dir='ltr'><strong>exer-</strong></span> 
     </span>
    </p>

    <p class='ocr_par' dir='ltr' id='par_1_8' title="bbox 148 2248 1934 2635">
     <span class='ocr_line' id='line_1_26' title="bbox 148 2248 1884 2314; baseline -0.001 -12"><span class='ocrx_word' id='word_1_198' title='bbox 148 2262 197 2302; x_wconf 81' lang='lat'><strong>25</strong></span> <span class='ocrx_word' id='word_1_199' title='bbox 222 2248 347 2298; x_wconf 91' lang='lat' dir='ltr'><strong>citus</strong></span> <span class='ocrx_word' id='word_1_200' title='bbox 371 2249 422 2298; x_wconf 95' lang='lat' dir='ltr'><strong>in</strong></span> <span class='ocrx_word' id='word_1_201' title='bbox 446 2248 848 2314; x_wconf 88' lang='lat' dir='ltr'><strong>experimentum,</strong></span> <span class='ocrx_word' id='word_1_202' title='bbox 870 2248 1138 2312; x_wconf 91' lang='lat' dir='ltr'><strong>aliquando</strong></span> <span class='ocrx_word' id='word_1_203' title='bbox 1157 2248 1423 2298; x_wconf 90' lang='lat' dir='ltr'><strong>maioribus</strong></span> <span class='ocrx_word' id='word_1_204' title='bbox 1443 2249 1598 2313; x_wconf 88' lang='lat' dir='ltr'><strong>copiis</strong></span> <span class='ocrx_word' id='word_1_205' title='bbox 1623 2267 1682 2299; x_wconf 89' lang='lat' dir='ltr'><strong>ex</strong></span> <span class='ocrx_word' id='word_1_206' title='bbox 1706 2259 1884 2300; x_wconf 89' lang='lat' dir='ltr'><strong>eventu</strong></span> 
     </span>
     <span class='ocr_line' id='line_1_27' title="bbox 221 2329 1934 2396; baseline 0.002 -18"><span class='ocrx_word' id='word_1_207' title='bbox 221 2329 466 2393; x_wconf 87' lang='lat' dir='ltr'><strong>praefecit.</strong></span> <span class='ocrx_word' id='word_1_208' title='bbox 537 2347 631 2380; x_wconf 91' lang='lat' dir='ltr'><strong>nec</strong></span> <span class='ocrx_word' id='word_1_209' title='bbox 672 2329 901 2394; x_wconf 88' lang='lat' dir='ltr'><strong>Agricola</strong></span> <span class='ocrx_word' id='word_1_210' title='bbox 941 2346 1178 2394; x_wconf 90' lang='lat' dir='ltr'><strong>umquam</strong></span> <span class='ocrx_word' id='word_1_211' title='bbox 1224 2329 1276 2379; x_wconf 92' lang='lat' dir='ltr'><strong>in</strong></span> <span class='ocrx_word' id='word_1_212' title='bbox 1321 2347 1462 2380; x_wconf 90' lang='lat' dir='ltr'><strong>suam</strong></span> <span class='ocrx_word' id='word_1_213' title='bbox 1508 2331 1692 2380; x_wconf 88' lang='lat' dir='ltr'><strong>famam</strong></span> <span class='ocrx_word' id='word_1_214' title='bbox 1737 2332 1885 2396; x_wconf 90' lang='lat' dir='ltr'><strong>gestis</strong></span> <span class='ocrx_word' id='word_1_215' title='bbox 1911 2347 1934 2386; x_wconf 84' lang='lat'>3</span> 
     </span>
     <span class='ocr_line' id='line_1_28' title="bbox 222 2410 1883 2472; baseline 0.001 -12"><span class='ocrx_word' id='word_1_216' title='bbox 222 2410 508 2472; x_wconf 64' lang='lat' dir='ltr'><strong>exsultavit:</strong></span> <span class='ocrx_word' id='word_1_217' title='bbox 555 2412 621 2461; x_wconf 87' lang='lat' dir='ltr'><strong>ad</strong></span> <span class='ocrx_word' id='word_1_218' title='bbox 661 2419 914 2461; x_wconf 89' lang='lat' dir='ltr'><strong>auctorem</strong></span> <span class='ocrx_word' id='word_1_219' title='bbox 959 2427 1018 2460; x_wconf 92' lang='lat' dir='ltr'><strong>ac</strong></span> <span class='ocrx_word' id='word_1_220' title='bbox 1060 2412 1241 2460; x_wconf 89' lang='lat' dir='ltr'><strong>ducem</strong></span> <span class='ocrx_word' id='word_1_221' title='bbox 1281 2419 1336 2460; x_wconf 95' lang='lat' dir='ltr'><strong>ut</strong></span> <span class='ocrx_word' id='word_1_222' title='bbox 1376 2410 1598 2461; x_wconf 90' lang='lat' dir='ltr'><strong>minister</strong></span> <span class='ocrx_word' id='word_1_223' title='bbox 1636 2414 1883 2462; x_wconf 87' lang='lat' dir='ltr'><strong>fortunam</strong></span> 
     </span>
     <span class='ocr_line' id='line_1_29' title="bbox 222 2490 1885 2558; baseline 0.003 -20"><span class='ocrx_word' id='word_1_224' title='bbox 222 2491 472 2541; x_wconf 89' lang='lat' dir='ltr'><strong>referebat.</strong></span> <span class='ocrx_word' id='word_1_225' title='bbox 545 2490 612 2540; x_wconf 87' lang='lat' dir='ltr'><strong>ita</strong></span> <span class='ocrx_word' id='word_1_226' title='bbox 640 2499 816 2540; x_wconf 90' lang='lat' dir='ltr'><strong>v1rtute</strong></span> <span class='ocrx_word' id='word_1_227' title='bbox 846 2491 898 2539; x_wconf 92' lang='lat' dir='ltr'><strong>in</strong></span> <span class='ocrx_word' id='word_1_228' title='bbox 930 2491 1267 2554; x_wconf 83' lang='lat' dir='ltr'><strong>obsequendO,</strong></span> <span class='ocrx_word' id='word_1_229' title='bbox 1295 2491 1592 2542; x_wconf 90' lang='lat' dir='ltr'><strong>verecundia</strong></span> <span class='ocrx_word' id='word_1_230' title='bbox 1618 2491 1670 2541; x_wconf 91' lang='lat' dir='ltr'><strong>in</strong></span> <span class='ocrx_word' id='word_1_231' title='bbox 1698 2493 1885 2558; x_wconf 89' lang='lat' dir='ltr'><strong>praedi-</strong></span> 
     </span>
     <span class='ocr_line' id='line_1_30' title="bbox 221 2571 1436 2635; baseline 0.002 -16"><span class='ocrx_word' id='word_1_232' title='bbox 221 2573 383 2621; x_wconf 89' lang='lat' dir='ltr'><strong>cando</strong></span> <span class='ocrx_word' id='word_1_233' title='bbox 407 2580 540 2621; x_wconf 88' lang='lat' dir='ltr'><strong>extra</strong></span> <span class='ocrx_word' id='word_1_234' title='bbox 563 2571 797 2621; x_wconf 90' lang='lat' dir='ltr'><strong>invidiam</strong></span> <span class='ocrx_word' id='word_1_235' title='bbox 823 2588 915 2620; x_wconf 90' lang='lat' dir='ltr'><strong>nec</strong></span> <span class='ocrx_word' id='word_1_236' title='bbox 939 2579 1072 2620; x_wconf 89' lang='lat' dir='ltr'><strong>extra</strong></span> <span class='ocrx_word' id='word_1_237' title='bbox 1094 2571 1298 2635; x_wconf 88' lang='lat' dir='ltr'><strong>gloriam</strong></span> <span class='ocrx_word' id='word_1_238' title='bbox 1321 2580 1436 2621; x_wconf 87' lang='lat' dir='ltr'><strong>erat.</strong></span> 
     </span>
    </p>

    <p class='ocr_par' dir='ltr' id='par_1_9' title="bbox 149 2651 1942 2718">
     <span class='ocr_line' id='line_1_31' title="bbox 149 2651 1942 2718; baseline 0.001 -18"><span class='ocrx_word' id='word_1_239' title='bbox 149 2664 201 2705; x_wconf 80' lang='lat'><strong>30</strong></span> <span class='ocrx_word' id='word_1_240' title='bbox 290 2653 638 2702; x_wconf 89' lang='lat' dir='ltr'><strong>Revertentem</strong></span> <span class='ocrx_word' id='word_1_241' title='bbox 661 2653 725 2702; x_wconf 86' lang='lat' dir='ltr'><strong>ab</strong></span> <span class='ocrx_word' id='word_1_242' title='bbox 750 2651 994 2716; x_wconf 87' lang='lat' dir='ltr'><strong>legatione</strong></span> <span class='ocrx_word' id='word_1_243' title='bbox 1017 2651 1221 2716; x_wconf 92' lang='lat' dir='ltr'><strong>legionis</strong></span> <span class='ocrx_word' id='word_1_244' title='bbox 1246 2651 1387 2702; x_wconf 91' lang='lat' dir='ltr'><strong>divus</strong></span> <span class='ocrx_word' id='word_1_245' title='bbox 1401 2652 1734 2718; x_wconf 89' lang='lat' dir='ltr'><strong>Vespasianus</strong></span> <span class='ocrx_word' id='word_1_246' title='bbox 1758 2653 1884 2704; x_wconf 88' lang='lat' dir='ltr'><strong>inter</strong></span> <span class='ocrx_word' id='word_1_247' title='bbox 1907 2661 1942 2708; x_wconf 91' lang='lat'><strong>9</strong></span> 
     </span>
    </p>
   </div>
   <div class='ocr_carea' id='block_1_3' title="bbox 206 2780 1882 2998">
    <p class='ocr_par' dir='ltr' id='par_1_10' title="bbox 206 2780 1882 2998">
     <span class='ocr_line' id='line_1_32' title="bbox 277 2780 1882 2834; baseline 0.002 -13"><span class='ocrx_word' id='word_1_248' title='bbox 277 2795 302 2821; x_wconf 84' lang='lat'><strong>2</strong></span> <span class='ocrx_word' id='word_1_249' title='bbox 333 2781 578 2824; x_wconf 87' lang='lat' dir='ltr'><strong>Intimilium</strong></span> <span class='ocrx_word' id='word_1_250' title='bbox 606 2782 867 2825; x_wconf 82' lang='lat' dir='ltr'><strong>Mommsen:</strong></span> <span class='ocrx_word' id='word_1_251' title='bbox 913 2784 955 2823; x_wconf 89' lang='lat' dir='ltr'><strong>in</strong></span> <span class='ocrx_word' id='word_1_252' title='bbox 978 2782 1134 2834; x_wconf 89' lang='lat' dir='ltr'><strong>templo</strong></span> <span class='ocrx_word' id='word_1_253' title='bbox 1155 2780 1294 2825; x_wconf 59' lang='lat' dir='ltr'><strong>codd:</strong></span> <span class='ocrx_word' id='word_1_254' title='bbox 1339 2784 1382 2823; x_wconf 87' lang='lat' dir='ltr'><strong>in</strong></span> <span class='ocrx_word' id='word_1_255' title='bbox 1409 2784 1644 2824; x_wconf 87' lang='lat' dir='ltr'><strong>Temelium</strong></span> <span class='ocrx_word' id='word_1_256' title='bbox 1677 2784 1882 2824; x_wconf 81' lang='lat' dir='ltr'><strong>Ursinus:</strong></span> 
     </span>
     <span class='ocr_line' id='line_1_33' title="bbox 226 2835 1882 2889; baseline 0.001 -14"><span class='ocrx_word' id='word_1_257' title='bbox 226 2835 473 2877; x_wconf 87' lang='lat' dir='ltr'><strong>Intemelios</strong></span> <span class='ocrx_word' id='word_1_258' title='bbox 502 2838 614 2889; x_wconf 79' lang='lat' dir='ltr'><strong>Lips.</strong></span> <span class='ocrx_word' id='word_1_259' title='bbox 764 2850 787 2887; x_wconf 91' lang='lat'><strong>7</strong></span> <span class='ocrx_word' id='word_1_260' title='bbox 817 2837 887 2888; x_wconf 89' lang='lat' dir='ltr'><strong>ac]</strong></span> <span class='ocrx_word' id='word_1_261' title='bbox 919 2842 986 2877; x_wconf 88' lang='lat' dir='ltr'><strong>est</strong></span> <span class='ocrx_word' id='word_1_262' title='bbox 1012 2850 1061 2876; x_wconf 86' lang='lat' dir='ltr'><strong>ac</strong></span> <span class='ocrx_word' id='word_1_263' title='bbox 1081 2843 1118 2876; x_wconf 85' lang='grc' dir='ltr'><strong>Δ</strong></span> <span class='ocrx_word' id='word_1_264' title='bbox 1282 2838 1309 2876; x_wconf 91' lang='grc'><strong>8</strong></span> <span class='ocrx_word' id='word_1_265' title='bbox 1338 2844 1404 2877; x_wconf 88' lang='lat' dir='ltr'><strong>est</strong></span> <span class='ocrx_word' id='word_1_266' title='bbox 1423 2851 1503 2879; x_wconf 86' lang='lat' dir='ltr'><strong>om.</strong></span> <span class='ocrx_word' id='word_1_267' title='bbox 1528 2845 1565 2878; x_wconf 89' lang='grc' dir='ltr'><strong>Δ</strong></span> <span class='ocrx_word' id='word_1_268' title='bbox 1736 2852 1784 2877; x_wconf 81' lang='lat'><strong>12</strong></span> <span class='ocrx_word' id='word_1_269' title='bbox 1814 2839 1882 2877; x_wconf 91' lang='lat' dir='ltr'><strong>ubi</strong></span> 
     </span>
     <span class='ocr_line' id='line_1_34' title="bbox 225 2890 1881 2943; baseline 0.002 -15"><span class='ocrx_word' id='word_1_270' title='bbox 225 2890 443 2943; x_wconf 84' lang='lat' dir='ltr'><strong>decessor]</strong></span> <span class='ocrx_word' id='word_1_271' title='bbox 473 2890 552 2930; x_wconf 89' lang='lat' dir='ltr'><strong>sub</strong></span> <span class='ocrx_word' id='word_1_272' title='bbox 581 2893 810 2931; x_wconf 87' lang='lat' dir='ltr'><strong>decessore</strong></span> <span class='ocrx_word' id='word_1_273' title='bbox 839 2891 1019 2942; x_wconf 82' lang='lat' dir='ltr'><strong>Madvig</strong></span> <span class='ocrx_word' id='word_1_274' title='bbox 1201 2891 1250 2930; x_wconf 88' lang='lat'><strong>18</strong></span> <span class='ocrx_word' id='word_1_275' title='bbox 1278 2892 1416 2932; x_wconf 87' lang='lat' dir='ltr'><strong>vetius</strong></span> <span class='ocrx_word' id='word_1_276' title='bbox 1447 2892 1563 2943; x_wconf 86' lang='lat' dir='ltr'><strong>(corr.</strong></span> <span class='ocrx_word' id='word_1_277' title='bbox 1592 2893 1774 2938; x_wconf 42' lang='lat' dir='ltr'><strong>vectius&amp;</strong></span> <span class='ocrx_word' id='word_1_278' title='bbox 1808 2906 1881 2931; x_wconf 80' lang='lat' dir='ltr'><strong>vo-</strong></span> 
     </span>
     <span class='ocr_line' id='line_1_35' title="bbox 206 2942 1268 2998; baseline 0.001 -16"><span class='ocrx_word' id='word_1_279' title='bbox 206 2985 208 2989; x_wconf 66' lang='grc'><strong>,</strong></span> <span class='ocrx_word' id='word_1_280' title='bbox 226 2942 345 2983; x_wconf 85' lang='lat' dir='ltr'><strong>lanus</strong></span> <span class='ocrx_word' id='word_1_281' title='bbox 365 2947 395 2982; x_wconf 87' lang='grc' dir='ltr'>Γ</span> <span class='ocrx_word' id='word_1_282' title='bbox 561 2958 628 2998; x_wconf 84' lang='grc'><strong>22,</strong></span> <span class='ocrx_word' id='word_1_283' title='bbox 654 2958 707 2995; x_wconf 83' lang='grc'><strong>23</strong></span> <span class='ocrx_word' id='word_1_284' title='bbox 736 2944 989 2996; x_wconf 87' lang='lat' dir='ltr'><strong>Caerialem,</strong></span> <span class='ocrx_word' id='word_1_285' title='bbox 1010 2943 1217 2986; x_wconf 86' lang='lat' dir='ltr'><strong>Caerialis</strong></span> <span class='ocrx_word' id='word_1_286' title='bbox 1239 2949 1268 2983; x_wconf 87' lang='grc' dir='ltr'><strong>Γ</strong></span> 
     </span>
    </p>
   </div>
  </div>
 </body>
</html>
