2138 3470
587 156 945 206 DIALOGUS
983 155 1078 203 DE
1114 153 1571 203 ORATORIBUS

319 297 400 347 Ad
434 294 727 347 Ciceronem
757 292 916 353 venio,
949 291 1029 341 cui
1061 292 1237 341 eadem
1271 307 1436 355 pugna
1470 306 1586 338 cum
1619 288 1907 352 aequalibus
1933 303 1998 339 22

251 375 351 426 suis
375 375 478 436 fuit,
507 392 634 439 quae
658 373 780 423 mihi
803 372 1062 424 vobiscum
1091 380 1175 421 est.
1248 370 1318 419 illi
1349 369 1482 419 enim
1513 369 1744 433 antiquos,
1771 369 1910 418 mira-

252 456 440 516 bantur,
479 455 585 519 ipse
620 471 822 504 suorum
857 462 1136 518 temporum
1177 450 1510 516 eloquentiam
1544 451 1910 514 anteponebat3

251 553 344 586 nec
367 538 467 585 ulla
498 553 549 585 re
578 535 731 600 magis
764 534 987 584 eiusdem
1019 532 1190 583 aetatis
1223 541 1437 582 oratores
1466 531 1731 596 praecurrit
1759 548 1908 594 quam

204 631 226 670 5
251 615 448 666 iudicio.
521 615 706 680 primus
738 614 872 664 enim
905 613 1116 663 excoluit
1147 612 1432 672 orationem,
1460 611 1645 676 primus
1678 620 1727 662 et
1749 611 1909 660 verbis
1939 627 1957 653 2

251 695 488 746 dilectum
538 695 765 745 adhibuit
811 704 861 744 et
907 692 1255 758 compositioni
1307 701 1474 753 artem,
1525 694 1662 742 locos
1709 709 1910 756 quoque

252 775 475 825 laetiores
503 775 759 825 attentavit
783 784 832 824 et
864 776 1103 838 quasdam
1137 773 1400 823 sententias
1433 773 1631 833 invenit,
1659 772 1830 837 utique
1857 773 1909 822 in

251 855 309 905 iis
334 855 649 916 orationibus,
678 872 799 919 quas
830 854 992 904 senior
1020 854 1117 903 iam
1142 863 1191 903 et
1223 854 1355 903 iuxta
1386 856 1537 903 finem
1560 853 1688 904 vitae
1712 871 1911 918 compo-

253 936 360 997 suit,
399 936 451 986 id
492 945 578 997 est,
616 946 880 1000 postquam
919 935 1071 999 magis
1110 937 1378 998 profecerat
1415 952 1608 999 usuque
1645 943 1693 984 et
1731 934 1911 999 experi-

170 1016 233 1060 v10
254 1016 430 1066 mentis
455 1016 694 1066 didicerat
727 1018 863 1079 quod
892 1015 1135 1079 optimum
1168 1015 1367 1064 dicendi
1398 1032 1552 1079 genus
1582 1024 1721 1065 esset.
1794 1033 1910 1064 nam
1938 1031 1961 1069 3

253 1097 435 1160 priores
468 1097 571 1147 eius
604 1097 849 1147 orationes
886 1113 987 1149 non
1024 1104 1189 1144 carent
1220 1095 1346 1144 vitiis
1382 1095 1714 1159 antiquitatis:
1749 1097 1910 1145 lentus

252 1186 326 1226 est
360 1177 412 1226 in
447 1177 710 1242 principiis,
744 1179 918 1241 longus
954 1176 1006 1225 in
1042 1176 1413 1236 narrationibuS‚
1450 1176 1637 1225 otiosus
1673 1176 1801 1226 circa
1836 1194 1912 1225 ex-

252 1274 452 1318 cessus3
500 1259 637 1307 tarde
678 1266 1029 1317 commovetur,
1071 1274 1178 1306 raro
1219 1256 1468 1306 incalescit
1485 1275 1499 1318 3
1547 1257 1693 1321 pauci
1740 1274 1910 1306 sensus

251 1347 365 1402 apte
389 1347 438 1387 et
466 1355 581 1387 cum
610 1339 830 1402 quodam
862 1337 1048 1386 lumine
1080 1336 1412 1386 terminantur.
1485 1336 1607 1385 nihil
1637 1354 1906 1401 excerpere,

182 1433 228 1474 15
252 1418 374 1467 nihil
409 1421 583 1468 referre
618 1418 788 1483 possis,
829 1427 877 1468 et
912 1420 1044 1467 velut
1079 1416 1130 1466 in
1166 1416 1275 1466 rudi
1308 1416 1549 1477 aedificio,
1589 1418 1756 1466 firmus
1793 1434 1911 1466 sane

252 1499 408 1563 paries
446 1509 495 1549 et
532 1501 804 1560 duraturus,
844 1501 932 1549 sed
970 1516 1072 1548 non
1113 1498 1227 1547 satis
1264 1497 1504 1562 expolitus
1542 1507 1590 1546 et
1628 1499 1906 1561 splendens,

252 1596 344 1643 ego
384 1589 550 1629 autern
592 1589 848 1639 oratorem,
890 1578 1015 1628 sicut
1055 1580 1352 1642 locupletem
1392 1595 1451 1627 ac
1491 1579 1679 1627 lautum
1721 1587 1909 1641 patrem
1934 1594 1959 1633 4

252 1659 475 1720 familiae,
514 1677 617 1709 non
655 1677 716 1709 eo
753 1669 945 1709 tantum
980 1661 1094 1709 volo
1129 1668 1260 1709 tecto
1295 1658 1393 1723 tegi
1429 1660 1567 1722 quod
1608 1658 1816 1708 imbrem
1850 1676 1909 1709 ac

252 1750 455 1790 ventum
491 1750 665 1801 arceat,
698 1742 787 1790 sed
825 1741 972 1790 etiam
1010 1741 1147 1804 quod
1182 1739 1340 1789 visum
1376 1748 1425 1788 et
1460 1741 1630 1788 oculos
1668 1740 1880 1789 delectet
1897 1758 1911 1801 3

180 1837 232 1866 20
253 1838 354 1871 non
392 1838 451 1871 ea
491 1823 652 1871 solum
692 1821 865 1870 instrui
902 1820 1203 1884 supellectile
1245 1837 1371 1883 quae
1418 1818 1701 1868 necessariis
1739 1819 1909 1869 usibus

252 1902 471 1963 sufficiat,
499 1903 587 1952 sed
623 1902 684 1951 sit
718 1902 771 1950 in
804 1910 1041 1966 apparatu
1077 1900 1180 1950 eius
1217 1909 1265 1949 et
1299 1916 1472 1948 aurum
1509 1908 1557 1948 et
1591 1916 1827 1963 gemmae,
1855 1909 1910 1949 ut

252 2000 445 2032 sumere
467 1982 519 2031 in
542 1999 718 2031 manus
743 1991 791 2031 et
818 1981 1036 2045 aspicere
1068 1980 1261 2044 saepius
1291 1979 1451 2028 libeat.
1525 1981 1770 2043 quaedam
1794 1996 1909 2029 vero
1935 1998 1956 2037 5

251 2065 422 2128 procul
456 2072 712 2112 arceantur
746 2072 800 2112 ut
834 2062 932 2111 iam
968 2061 1244 2111 oblitterata
1280 2069 1328 2109 et
1364 2059 1574 2109 olentia:
1622 2062 1812 2109 nullum
1848 2060 1910 2109 sit

251 2144 456 2193 verbum
480 2146 613 2193 velut
641 2142 864 2207 rubigine
896 2142 1146 2201 infectum,
1176 2140 1297 2190 nulli
1330 2157 1501 2190 sensus
1533 2142 1672 2190 tarda
1696 2149 1744 2190 et
1767 2140 1909 2190 inerti

181 2240 227 2280 25
252 2233 490 2273 structura
514 2223 565 2272 in
589 2241 778 2273 morem
801 2222 1052 2272 annalium
1086 2230 1446 2285 componantur
1462 2239 1476 2282 ,·
1511 2220 1682 2284 fugitet
1710 2222 1908 2270 foedam

253 2314 301 2353 et
332 2304 567 2353 insulsam
600 2303 950 2363 scurrilitatem,
979 2302 1129 2352 variet
1166 2300 1591 2366 compositionem,
1619 2317 1711 2349 nec
1747 2300 1908 2349 omnis

252 2387 492 2434 clausulas
517 2402 618 2434 uno
643 2394 692 2434 et
716 2387 893 2435 eodem
920 2386 1072 2434 modo
1097 2381 1402 2433 determinet.

320 2467 453 2514 Nolo
488 2465 698 2514 inridere
737 2469 936 2514 “rotam
975 2468 1219 2514 Fortunae
1236 2465 1259 2486 ’'
1297 2471 1345 2511 et
1386 2461 1503 2510 “ius
1539 2460 1784 2510 verrinum
1800 2462 1824 2484 ''
1860 2469 1909 2509 et
1931 2473 1994 2520 23

251 2545 372 2596 illud
389 2546 530 2595 tertio
549 2564 747 2610 quoque
763 2563 909 2595 sensu
929 2545 980 2594 in
995 2544 1225 2594 omnibus
1246 2542 1547 2592 orationibus
1562 2559 1652 2607 pro
1667 2541 1909 2591 sententia

307 2690 331 2726 4
362 2682 553 2715 oratores
571 2676 722 2715 aetatis
745 2675 933 2714 eiusdem
953 2673 1041 2711 ΑΒ
1175 2674 1202 2711 6
1231 2671 1439 2712 delectum
1461 2671 1571 2712 codd.
1714 2684 1764 2710 10
1793 2677 1907 2710 esset

251 2729 293 2768 E
308 2744 316 2768 :
348 2736 414 2768 est
435 2734 513 2770 cett.
615 2742 663 2778 14
684 2735 782 2778 apte
800 2735 842 2766 et
855 2728 896 2765 A
903 2728 1094 2766 cidalius:
1126 2732 1210 2776 opt.
1227 2732 1284 2775 et,
1300 2730 1430 2777 optet,
1450 2730 1528 2766 διε.
1544 2726 1652 2767 codd.
1673 2740 1681 2765 :
1713 2726 1907 2764 lacunam

251 2783 434 2822 indicant
450 2783 533 2821 BE
698 2796 744 2832 17
775 2782 934 2821 lautum
955 2782 1093 2832 Lips.:
1124 2781 1339 2820 laudatum
1367 2780 1476 2820 codd.
1642 2794 1692 2819 22
1723 2785 1766 2818 et
1795 2779 1904 2817 AB:

253 2842 299 2874 ut
333 2841 412 2877 cett.
526 2837 652 2876 libeat
671 2836 785 2876 Rud.
808 2835 1028 2886 Agricola:
1058 2835 1182 2874 liceat
1201 2834 1311 2874 codd.
1440 2846 1493 2883 23
1520 2840 1746 2874 arceantur
1767 2832 1904 2883 LipS.:

252 2897 450 2930 arcentur
483 2890 589 2930 codd.
731 2890 1024 2939 antiquitatem
1058 2889 1213 2927 olentia
1243 2886 1388 2927 And.:
1434 2888 1658 2928 insolentia
1689 2887 1902 2926 Peterson:

203 2995 206 2999 ¹
254 2943 443 2984 obsoleta
469 2944 602 2995 Wolff
630 2944 735 2984 Gud.
902 2954 953 2988 24
983 2941 1097 2980 velut
1117 2943 1276 2982 Rhen.:
1307 2941 1377 2981 uel
1398 2941 1509 2982 codd.
