2138 3470
938 171 1304 222 AGRICOLA

290 310 355 359 de
379 308 532 359 limite
557 308 748 374 imperii
773 318 821 358 et
845 308 961 373 ripa,
985 311 1074 359 sed
1099 311 1163 359 de
1187 308 1404 365 hibernis
1429 310 1678 373 legionum
1698 320 1746 360 et
1765 329 1954 376 posses-

293 389 431 439 sione
472 390 765 440 dubitatum.
839 389 907 439 ita
944 408 1060 440 cum
1101 392 1285 440 damna
1319 390 1514 441 damnis
1551 391 1953 442 continuarentur
1980 409 2002 447 3

289 480 438 535 atque
463 471 624 521 omnis
648 489 808 521 annus
833 471 1086 521 funeribus
1112 480 1160 520 et
1184 471 1406 521 cladibus
1436 471 1757 535 insigniretur,
1786 490 1954 536 posce-

291 552 432 602 batur
456 570 539 602 ore
563 552 694 616 vulgi
719 554 819 603 dux
837 547 1078 617 Agricola,
1098 553 1498 617 comparantibus
1522 553 1711 602 cunctis
1736 553 1953 616 vigorem

243 650 264 690 5
290 643 339 684 et
387 633 714 683 constantiam
762 643 811 683 et
857 642 1111 698 expertum
1157 633 1299 683 bellis
1344 633 1566 683 animum
1614 651 1729 683 cum
1781 633 1955 683 inertia

290 723 340 764 et
374 714 636 764 formidine
676 723 964 764 ceterorum.
1037 714 1217 778 quibus
1258 714 1567 764 sermonibus
1605 714 1719 763 satis
1761 723 1954 764 constat
1976 730 2002 769 4

293 795 564 844 Domitiani
603 813 802 860 quoque
838 795 968 846 auris
1005 796 1294 856 verberatas,
1336 797 1457 846 dum
1492 795 1708 860 optimus
1743 796 1953 860 quisque

290 875 575 926 libertorum
606 894 774 926 amore
806 886 854 926 et
882 878 993 937 fide,
1022 875 1223 940 pessimi
1258 876 1558 940 malignitate
1587 885 1636 925 et
1668 876 1818 926 livore
1848 894 1955 941 pro-

291 974 412 1006 num
458 957 781 1007 deterioribus
829 957 1101 1022 principem
1149 958 1538 1007 exstimulabant.
1619 957 1688 1007 sic
1727 958 1955 1021 Agricola

220 1055 269 1083 10
291 1037 435 1087 simul
471 1038 570 1088 suis
599 1039 870 1100 virtutibus,
899 1033 1044 1089 simul
1073 1038 1199 1088 vitiis
1232 1039 1439 1090 aliorum
1475 1038 1525 1087 in
1562 1037 1718 1103 ipsam
1750 1039 1953 1103 gloriam

290 1135 522 1182 praeceps
558 1121 803 1183 agebatur.
906 1114 908 1116 ¹
941 1149 943 1152 ·
1999 1165 2024 1176 l,

356 1201 542 1250 Aderat
560 1200 658 1250 iam
676 1218 848 1262 annus,
869 1218 970 1265 quo
990 1203 1392 1265 proconsulatum
1410 1200 1604 1251 Africae
1623 1211 1672 1251 et
1689 1201 1837 1251 Asiae
1856 1218 1953 1250 sor·
1975 1215 2042 1263 42

290 1279 469 1341 tiretur,
489 1290 537 1330 et
561 1281 725 1331 occiso
746 1281 915 1332 Civica
934 1299 1089 1346 nuper
1113 1299 1205 1331 nec
1225 1282 1481 1345 Agricolae
1506 1282 1766 1331 consilium
1786 1283 1954 1331 deerat

290 1377 382 1410 nec
410 1361 697 1411 Domitiano
722 1364 1014 1426 exemplum.
1088 1379 1338 1412 accessere
1366 1362 1570 1426 quidam
1598 1362 1952 1426 cogitationum

222 1459 266 1500 15
290 1440 521 1505 principis
551 1442 704 1506 periti,
733 1442 818 1506 qui
846 1442 1065 1492 iturusne
1098 1452 1226 1513 esset
1256 1443 1308 1491 in
1340 1443 1641 1507 provinciam
1667 1446 1793 1492 ultro
1817 1444 1953 1507 Agri-

290 1524 450 1571 colam
476 1523 836 1587 interrogarent.
910 1542 967 1574 ac
1000 1525 1159 1588 primo
1192 1524 1431 1574 occultius
1466 1523 1684 1588 q’uietem
1714 1534 1764 1574 et
1794 1525 1952 1575 otium
1985 1544 2004 1571 2

290 1604 500 1664 laudare,
521 1620 635 1653 mox
650 1621 850 1669 operam
866 1622 1005 1654 suam
1025 1605 1075 1653 in
1094 1606 1417 1669 adprobanda
1435 1605 1748 1655 excusatione
1763 1608 1947 1668 offerre,

289 1693 539 1747 postremo
563 1702 665 1735 non
690 1686 787 1735 iam
813 1686 1008 1736 obscuri
1033 1688 1296 1737 suadentes
1321 1686 1466 1736 simul
1491 1696 1824 1751 terrentesque
1848 1706 1951 1752 per-

291 1773 474 1816 traxere
511 1768 576 1816 ad
619 1767 973 1818 Domitianum.
1061 1767 1147 1832 qui
1182 1776 1378 1832 paratus
1413 1767 1737 1829 simulatione,
1776 1769 1828 1817 in
1867 1771 1951 1819 ad-
1976 1785 1999 1825 3

217 1866 266 1896 20
289 1847 559 1910 rogantiam
601 1849 916 1913 compositus,
950 1858 999 1899 et
1033 1849 1190 1900 audiit
1223 1866 1393 1914 preces
1425 1849 1700 1898 excusantis
1738 1859 1798 1910 et,
1834 1867 1949 1899 cum

287 1928 552 1991 adnuisset,
584 1930 662 1994 agi
697 1930 791 1981 sibi
825 1930 1000 1995 gratias
1037 1949 1208 1996 passus
1245 1940 1330 1992 est,
1363 1948 1457 1980 nec
1492 1931 1687 1981 erubuit
1720 1931 1949 1981 beneficii

287 2008 483 2060 invidia.
550 2011 778 2061 salarium
802 2021 968 2062 tamen
993 2011 1275 2076 proconsuli
1298 2011 1542 2061 consulari
1565 2011 1765 2061 solitum
1789 2012 1950 2062 offerri

287 2099 338 2140 et
360 2090 657 2154 quibusdam
681 2109 711 2142 a
734 2110 787 2142 se
810 2092 919 2156 ipso
943 2110 1236 2146 concessum
1259 2092 1519 2156 Agricolae
1541 2109 1644 2141 non
1668 2092 1819 2153 dedit,
1847 2091 1949 2142 sive

287 2173 503 2222 offensus
525 2189 629 2222 non
652 2174 874 2237 petitum,
903 2174 1005 2224 sive
1036 2192 1096 2223 ex
1127 2173 1440 2234 conscientia,
1468 2190 1533 2222 ne
1565 2175 1702 2237 quod
1730 2181 1949 2223 vetuerat

216 2273 263 2314 25
286 2253 531 2304 videretur
547 2253 738 2304 emisse.
799 2255 1052 2319 proprium
1076 2254 1281 2304 humani
1304 2253 1487 2317 ingenii
1511 2263 1586 2303 est
1609 2254 1774 2303 odisse
1798 2271 1947 2318 quern
1970 2265 1996 2304 4

286 2333 512 2384 laeseris:
550 2334 826 2384 Domitiani
861 2353 977 2385 vero
1014 2344 1188 2385 natura
1226 2351 1460 2399 praeceps
1498 2334 1550 2383 in
1589 2333 1724 2394 iram,
1763 2343 1813 2384 et
1846 2352 1947 2398 quo

285 2413 550 2475 obscurior,
583 2432 645 2465 eo
679 2414 1065 2476 inrevocabilior,
1093 2415 1433 2465 moderatione
1468 2423 1635 2464 tamen
1670 2415 1949 2479 prudentia-

286 2512 383 2558 que
406 2496 665 2560 Agricolae
687 2496 973 2557 leniebatur,
1002 2496 1118 2560 quia
1148 2514 1251 2546 non
1282 2496 1594 2546 contumacia
1621 2513 1785 2560 neque
1814 2496 1948 2545 inani

285 2574 547 2626 iactatione
586 2576 822 2626 libertatis
859 2579 1041 2626 famam
1080 2578 1336 2640 fatumque
1376 2577 1687 2640 provocabat.
1775 2576 1942 2637 sciant,
1971 2592 1992 2631 5

343 2718 361 2744 1
394 2705 763 2756 possessionumA
874 2718 899 2757 5
930 2712 972 2745 et
993 2710 1088 2745 ante
1106 2706 1389 2745 constantiam
1409 2718 1489 2744 om.
1512 2709 1541 2743 Γ
1653 2706 1680 2744 6
1711 2710 1946 2744 ceterorum

290 2759 477 2799 Grotius:
510 2774 656 2801 eorum
677 2760 810 2801 codd.:
846 2761 1041 2800 lacunam
1069 2760 1223 2800 notavit
1250 2759 1376 2810 Bach,
1400 2759 1600 2811 supplevit
1619 2758 1758 2798 Halm
1923 2772 1944 2808 7

288 2813 570 2856 Domitianum
596 2822 633 2856 Δ
775 2828 825 2855 10
853 2816 895 2854 in
927 2815 1061 2866 ipsam
1089 2813 1291 2866 gloriam]
1325 2815 1415 2865 ipsa
1446 2814 1580 2864 gloria
1607 2812 1805 2864 Madvig:
1836 2814 1946 2852 inter

287 2869 419 2917 ipsam
440 2870 649 2910 Baehrens
806 2870 855 2908 18
884 2870 965 2908 iam
985 2869 1145 2909 Rhem:
1183 2875 1266 2909 tam
1289 2868 1397 2909 codd.
1549 2882 1603 2907 20
1633 2881 1680 2907 se
1702 2867 1944 2906 excusantis

289 2920 506 2963 Gudeman
627 2938 679 2964 22
710 2924 950 2974 proconsuli
972 2923 1184 2963 consulari
1201 2922 1461 2962 Mommsen:
1493 2921 1787 2972 proconsulari
1808 2921 1942 2960 codd.:

288 2977 591 3025 proconsulare
612 2979 824 3018 Bletten'us
