2138 3470
880 174 1246 224 AGRICOLA

235 322 392 364 artem
431 313 605 362 abesse
652 310 925 375 legentibus
971 310 1264 360 arbitrantur
1280 329 1294 373 ς
1345 329 1461 361 nam
1498 311 1549 361 in
1590 313 1738 363 rubro
1773 313 1894 363 mari

236 394 347 445 viva
386 411 445 443 ac
486 392 718 458 spirantia
755 392 880 442 saxis
921 392 1076 453 avelli,
1115 392 1166 441 in
1206 393 1470 454 Britannia,
1509 403 1656 458 prout
1693 398 1895 459 expulsa

237 474 347 535 sint,
397 474 591 539 colligi:
644 491 736 538 ego
782 473 970 523 facilius
1017 474 1308 524 crediderim
1354 484 1579 524 naturam
1626 476 1894 540 margaritis

236 557 411 606 deesse
443 572 592 620 quam
621 555 766 604 nobis
794 555 1057 605 avaritiam.

189 657 213 698 5
306 636 409 701 Ipsi
457 636 677 685 Britanni
731 636 966 686 dilectum
1011 654 1071 686 ac
1117 637 1298 687 tributa
1343 647 1392 688 et
1437 638 1657 689 iniuncta
1702 639 1893 704 imperii
1918 653 1972 700 13

238 735 443 768 munera
476 717 681 782 impigre
715 719 915 778 obeunt,
945 717 985 767 si
1020 717 1223 768 iniuriae
1257 718 1453 769 absint:
1490 722 1579 770 has
1607 738 1750 785 aegre
1779 723 1896 770 tole-

238 809 358 860 rant,
398 799 496 848 iam
537 798 713 848 domiti
748 808 803 847 ut
838 808 1059 862 pareant,
1091 801 1317 849 nondum
1353 810 1407 850 ut
1442 800 1664 850 serviant.
1751 801 1895 865 igitur
1925 819 1944 845 2

238 880 424 945 primus
470 879 693 929 omnium
741 881 1082 929 Romanorum
1129 880 1271 930 divus
1319 881 1474 931 Iulius
1520 899 1635 931 cum
1682 882 1895 932 exercitu

241 960 543 1010 Britanniam
578 960 834 1023 ingressus,
874 976 1175 1024 quamquam
1211 978 1442 1025 prospera
1476 979 1641 1031 pugna
1676 963 1896 1013 terruerit

167 1061 216 1089 10
238 1041 425 1091 incolas
448 1058 507 1090 ac
531 1041 671 1091 litore
695 1041 878 1105 potitus
904 1041 977 1104 sit,
1005 1050 1168 1105 potest
1191 1041 1345 1091 videri
1369 1043 1643 1093 ostendisse
1671 1043 1893 1108 posteris,

239 1139 341 1172 non
366 1121 635 1172 tradidisse.
698 1139 813 1171 mox
836 1123 966 1171 bella
990 1122 1149 1171 civilia
1181 1131 1229 1172 et
1260 1122 1311 1171 in
1343 1141 1446 1173 rem
1478 1124 1728 1188 publicam
1758 1143 1896 1175 versa
1922 1142 1944 1179 3

238 1202 515 1268 principum
538 1220 685 1263 arma,
713 1220 772 1252 ac
800 1205 946 1267 longa
977 1203 1160 1252 oblivio
1186 1204 1467 1254 Britanniae
1495 1205 1643 1255 etiam
1667 1206 1718 1255 in
1742 1224 1895 1270 pace:

238 1284 499 1334 consilium
522 1283 575 1334 id
610 1283 752 1333 divus
777 1287 1027 1347 Augustus
1051 1285 1272 1345 vocabat,
1301 1285 1528 1335 Tiberius
1560 1296 1890 1351 praeceptum.

237 1365 446 1429 agitasse
462 1364 643 1415 Gaium
659 1367 921 1415 Caesarem
940 1366 1004 1414 de
1027 1364 1254 1414 intranda
1270 1355 1522 1416 Britannia
1545 1367 1661 1417 satis
1685 1377 1891 1429 constat,
1919 1387 1946 1426 4

168 1464 216 1505 15
240 1445 292 1494 ni
326 1448 467 1494 velox
501 1445 698 1510 ingenio
734 1445 906 1494 mobili
943 1445 1285 1509 paenitentiae,
1322 1456 1370 1496 et
1406 1447 1627 1510 ingentes
1662 1449 1896 1498 adversus

241 1525 558 1575 Germaniam
582 1535 788 1575 conatus
812 1527 986 1575 frustra
1010 1525 1226 1575 fuissent.
1300 1527 1441 1577 divus
1462 1529 1700 1579 Claudius
1724 1539 1896 1580 auctor
1922 1548 1943 1588 5

240 1606 398 1656 iterati
421 1606 593 1671 operis,
622 1606 907 1656 transvectis
938 1606 1213 1670 legionibus
1244 1607 1533 1672 auxiliisque
1557 1618 1607 1659 et
1629 1611 1895 1674 adsumpto

240 1687 292 1736 in
328 1696 516 1751 partem
557 1705 717 1737 rerum
752 1686 1071 1751 Vespasiano,
1111 1689 1248 1752 quod
1285 1687 1478 1738 initium
1512 1698 1745 1740 venturae
1780 1708 1896 1741 mox

239 1772 463 1819 fortunae
500 1769 622 1818 fuit:
671 1768 890 1819 domitae
930 1778 1113 1833 gentes,
1158 1769 1289 1834 capti
1330 1787 1465 1833 reges
1508 1779 1556 1820 et
1597 1781 1895 1822 monstratus

168 1870 219 1899 πο
239 1850 350 1899 fatis
374 1850 719 1914 Vespasianus.

307 1930 653 1982 Consularium
689 1930 874 1994 primus
902 1932 1060 1979 Aulus
1098 1930 1316 1980 Plautius
1352 1931 1656 1995 praepositus
1690 1949 1749 1982 ac
1785 1933 1896 1983 sub-
1920 1946 1975 1994 14

240 2010 357 2061 inde
390 2010 614 2061 Ostorius
647 2012 869 2074 Scapula,
903 2019 1108 2074 uterque
1142 2011 1274 2060 bello
1311 2011 1562 2074 egregius:
1598 2014 1896 2077 redactaque

241 2087 476 2156 paulatim
516 2091 568 2140 in
605 2093 813 2140 formam
850 2090 1130 2155 provinciae
1170 2091 1390 2155 proxima
1427 2109 1538 2155 pars
1581 2093 1862 2144 Britanniae
1883 2112 1898 2155 3

240 2171 410 2221 addita
455 2171 654 2236 insuper
699 2181 1041 2221 veteranorum
1088 2171 1294 2220 colonia.
1384 2164 1629 2236 quaedam
1676 2174 1896 2224 civitates
1924 2196 1943 2222 2

170 2271 218 2311 25
243 2253 558 2317 Cogidumno
595 2253 693 2316 regi
729 2255 941 2302 donatae
967 2251 1027 2316 (is
1062 2254 1127 2301 ad
1163 2261 1379 2301 nostram
1415 2270 1572 2317 usque
1607 2255 1895 2305 memoriam

242 2332 506 2383 fidissimus
547 2333 760 2397 mansit),
800 2342 961 2382 vetere
998 2349 1056 2381 ac
1103 2331 1200 2380 iam
1248 2331 1438 2396 pridem
1485 2343 1680 2397 recepta
1725 2335 1897 2400 populi

243 2414 459 2463 Romani
493 2413 864 2473 consuetudine,
894 2423 947 2462 ut
982 2413 1184 2462 haberet
1220 2412 1542 2462 instrumenta
1578 2414 1819 2464 servitutis
1848 2425 1897 2465 et

242 2511 389 2558 reges.
463 2512 577 2544 mox
598 2494 775 2544 Didius
792 2495 962 2544 Gallus
986 2502 1123 2557 parta
1141 2510 1170 2542 a
1189 2493 1429 2557 prioribus
1450 2494 1704 2555 continuit,
1727 2497 1895 2560 paucis
1920 2514 1942 2551 3

240 2577 514 2625 admodum
538 2575 747 2626 castellis
765 2576 816 2624 in
835 2575 1062 2625 ulteriora
1085 2576 1334 2639 promotis,
1354 2594 1440 2640 per
1459 2594 1586 2640 quae
1611 2579 1740 2626 fama
1764 2577 1895 2627 aucti

170 2672 220 2711 30
242 2657 388 2706 officii
429 2666 750 2721 quaereretur.
826 2656 1031 2707 Didium
1062 2657 1304 2707 Veranius
1345 2658 1547 2722 excepit,
1590 2657 1730 2722 isque
1770 2657 1895 2707 intra

300 2799 348 2826 12
378 2787 555 2839 etiam]
544 2801 626 2826 iam
650 2794 684 2827 Δ
854 2799 901 2838 15
933 2787 1108 2838 ingenii,
1135 2788 1299 2827 mobilis
1321 2794 1356 2826 Δ
1511 2791 1560 2828 16
1589 2795 1735 2828 auctor
1755 2788 1892 2828 iterati

249 2839 372 2879 Wex:
419 2842 644 2881 autoritate
687 2843 821 2893 (auct-
862 2842 917 2891 Δ)
961 2841 1071 2882 codd.
1270 2855 1320 2892 19
1350 2843 1532 2883 domitae
1572 2850 1725 2893 gentes
1764 2842 1890 2883 Put.:

245 2892 456 2934 Domitiae
482 2896 624 2945 gentis
646 2895 753 2935 codd.
885 2926 890 2931 .
923 2908 971 2934 21
1007 2895 1194 2936 Plautius
1221 2895 1332 2936 codd.
1497 2909 1550 2948 25
1582 2898 1834 2947 Cogidunno
1855 2902 1891 2935 Δ

204 2985 207 2988 .
244 2948 298 2986 26
325 2953 500 2987 vetere.
556 2955 634 2988 .ut
653 2949 833 2989 haberet
853 2948 1012 2988 Rhen.·
1003 2979 1012 2987 .
1045 2955 1090 2988 ut
1111 2955 1257 2989 uetere
1280 2980 1288 2989 .
1312 2980 1322 2990 .
1346 2981 1354 2990 .
1376 2950 1552 2991 haberet
1575 2951 1684 2991 codd.
1839 2963 1890 3000 27

243 3005 287 3039 et
308 3013 430 3050 reges
450 3000 609 3041 Rhenn
600 3031 609 3041 .
640 3009 683 3042 et
704 3003 816 3053 regis
837 3008 865 3042 Γ
883 3016 891 3041 t
923 3004 1036 3053 regis
1056 3008 1092 3041 Δ

1734 3058 1785 3099 4*
