2138 3470
610 143 968 194 DIALOGUS
1005 143 1100 190 DE
1137 142 1594 192 ORATORIBUS

273 280 468 332 iudiciis
502 279 689 330 tristem
724 289 773 329 et
807 279 1052 343 impexam
1093 278 1434 342 antiquitatem
1472 295 1622 341 quam
1659 279 1700 327 si
1735 279 1844 342 quis
1879 279 1931 328 in

272 377 451 411 scaena
475 359 645 410 Roscii
668 368 752 408 aut
775 358 1040 423 Turpionis
1064 358 1282 408 Ambivii
1310 358 1579 423 exprimere
1610 367 1774 422 gestus
1798 359 1925 408 velit.

271 441 371 491 iam
404 458 521 491 vero
557 440 758 490 iuvenes
794 449 843 490 et
877 439 928 488 in
963 439 1070 503 ipsa
1110 439 1384 488 studiorum
1425 438 1607 488 incude
1644 439 1803 502 positi,
1845 438 1930 502 qui
1956 452 1983 492 4

271 523 518 587 profectus
554 520 630 570 sui
665 536 814 569 causa
847 529 1062 569 oratores
1098 529 1357 580 sectantur,
1396 537 1500 569 non
1541 521 1702 568 solum
1742 519 1925 580 audire,

227 612 249 654 5
273 603 362 652 sed
380 601 528 651 etiam
551 603 727 651 referre
745 602 952 650 domum
970 599 1157 664 aliquid
1182 600 1383 649 inlustre
1402 609 1450 649 et
1469 600 1674 664 dignum
1694 599 1931 649 memoria

272 683 444 732 volunt
461 699 475 742 3
508 682 806 744 traduntque
830 680 882 729 in
905 680 1064 730 vicem
1087 697 1146 730 ac
1170 697 1316 744 saepe
1340 680 1391 728 in
1417 679 1634 729 colonias
1658 697 1717 728 ac
1741 679 1932 743 provin-

272 761 372 810 cias
396 778 508 810 suas
532 760 763 821 scribunt,
783 761 884 810 sive
903 777 1073 827 sensus
1089 760 1263 824 aliquis
1282 770 1451 824 arguta
1470 770 1518 810 et
1537 760 1671 810 brevi
1690 760 1932 810 sententia

273 841 463 902 effulsit,
483 841 584 890 sive
602 843 739 890 locus
759 841 1000 904 exquisito
1019 850 1067 890 et
1091 841 1288 904 poetico
1306 843 1441 890 cultu
1467 840 1652 890 enituit.
1727 840 1931 904 exigitur
1958 857 1979 896 5

274 922 406 971 enim
442 922 540 971 iam
573 923 638 971 ab
675 931 864 971 oratore
900 922 1047 971 etiam
1083 922 1306 986 poeticus
1341 924 1503 982 decor,
1537 938 1640 971 non
1673 921 1812 971 Accii
1847 930 1932 970 aut

204 1016 252 1044 10
275 1002 474 1052 Pacuvii
514 1012 715 1052 veterno
762 1002 1057 1066 inquinatus,
1100 1004 1188 1051 sed
1235 1020 1294 1051 ex
1336 1002 1532 1052 Horatii
1574 1011 1622 1051 et
1659 1002 1848 1066 Virgilii
1883 1011 1932 1051 et

275 1083 463 1132 Lucani
499 1083 706 1132 sacrario
739 1085 967 1146 prolatus.
1041 1085 1218 1132 horum
1250 1083 1394 1146 igitur
1427 1083 1626 1132 auribus
1659 1092 1708 1132 et
1739 1082 1931 1132 iudiciis
1958 1093 1981 1133 6

273 1164 618 1227 obtemperans
644 1172 921 1212 nostrorum
942 1173 1189 1212 oratorum
1214 1173 1347 1212 aetas
1372 1163 1621 1227 pulchrior
1645 1172 1693 1212 et
1718 1163 1932 1212 ornatior

273 1243 440 1292 extitit.
513 1260 676 1307 neque
704 1243 818 1292 ideo
849 1243 1010 1292 minus
1041 1245 1262 1292 efficaces
1295 1252 1409 1292 sunt
1441 1243 1686 1292 orationes
1720 1252 1927 1302 nostrae,

275 1322 390 1386 quia
412 1324 478 1372 ad
501 1323 628 1372 auris
662 1323 986 1372 iudicantium
1010 1340 1125 1373 cum
1149 1326 1402 1387 voluptate
1434 1323 1736 1386 perveniunt.
1812 1323 1931 1387 quid
1962 1332 1981 1375 7

203 1418 249 1458 15
274 1402 418 1463 enim,
458 1403 499 1451 si
536 1402 802 1452 infirmiora
839 1405 1016 1452 horum
1057 1412 1336 1467 temporum
1374 1406 1558 1467 templa
1596 1405 1779 1463 credas,
1816 1403 1931 1467 quia

274 1499 375 1532 non
411 1482 520 1532 rudi
559 1493 817 1532 caemento
856 1493 904 1532 et
942 1483 1232 1532 informibus
1270 1483 1445 1548 tegulis
1484 1493 1806 1544 exstruuntur,
1844 1484 1932 1533 sed

274 1579 515 1612 marmore
539 1563 697 1612 nitent
722 1572 770 1612 et
793 1579 913 1612 auro
938 1563 1223 1612 radiantur?

341 1642 588 1705 Equidem
613 1643 803 1691 fatebor
825 1642 966 1692 vobis
996 1642 1279 1706 simpliciter
1302 1660 1383 1692 me
1406 1642 1458 1692 in
1482 1642 1781 1706 quibusdam
1813 1643 1932 1692 anti-
1956 1649 2011 1684 21

273 1738 484 1785 quorum
508 1722 587 1770 vix
610 1722 772 1782 risum,
801 1722 852 1770 in
878 1722 1176 1785 quibusdam
1200 1732 1367 1772 autem
1390 1722 1470 1772 vix
1493 1740 1725 1772 somnum
1750 1733 1927 1772 tenere.

202 1821 252 1849 20
273 1819 366 1851 nec
390 1819 545 1851 unum
569 1804 634 1853 de
657 1805 845 1867 populo
865 1802 1047 1853 Canuti
1070 1812 1154 1852 aut
1174 1802 1278 1852 Atti
1303 1842 1313 1852 .
1342 1842 1352 1852 .
1382 1842 1391 1852 .
1419 1805 1484 1853 de
1505 1803 1688 1852 Furnio
1712 1813 1760 1852 et
1784 1806 1932 1853 Tora-

273 1882 357 1932 nio
381 1883 597 1947 †quique
628 1883 750 1934 alios
774 1883 825 1932 in
854 1885 1033 1933 eodem
1057 1884 1412 1934 valetudinario
1436 1886 1559 1934 haec
1584 1901 1695 1933 ossa
1727 1893 1775 1933 et
1803 1886 1932 1933 hanc

274 1963 483 2014 maciem
507 1965 746 2028 probant:
782 1965 888 2028 ipse
912 1964 1034 2013 mihi
1059 1966 1253 2025 Calvus,
1276 1981 1392 2013 cum
1416 1981 1572 2013 unum
1597 1973 1646 2013 et
1669 1963 1849 2027 viginti,
1878 1972 1932 2012 ut

273 2054 407 2107 puto,
436 2044 585 2094 libros
614 2044 871 2108 reliquerit,
899 2045 979 2094 vix
1006 2045 1058 2094 in
1089 2062 1188 2094 una
1217 2054 1266 2095 et
1297 2047 1448 2094 altera
1480 2044 1785 2094 oratiuncula
1816 2044 1930 2093 satis

274 2123 400 2173 facit.
474 2143 566 2175 nec
607 2125 864 2175 dissentire
905 2135 1094 2175 ceteros
1135 2126 1199 2174 ab
1240 2127 1338 2174 hoc
1379 2142 1492 2174 meo
1533 2124 1717 2174 iudicio
1755 2124 1929 2174 video:
1958 2142 1977 2169 2

203 2225 251 2265 25
276 2214 454 2267 quotus
480 2205 612 2254 enim
637 2206 845 2269 quisque
871 2205 1009 2256 Calvi
1034 2205 1084 2253 in
1110 2205 1323 2254 Asitium
1347 2214 1430 2253 aut
1454 2205 1505 2253 in
1532 2208 1750 2253 Drusum
1782 2205 1932 2269 legit?

273 2293 324 2332 at
348 2286 546 2334 hercule
569 2285 621 2334 in
645 2286 869 2334 omnium
902 2285 1235 2334 studiosorum
1266 2285 1493 2334 manibus
1518 2294 1770 2333 versantur
1792 2302 1932 2334 accu-

275 2364 487 2413 sationes
508 2365 703 2428 quaein
718 2365 972 2414 Vatinium
992 2365 1332 2425 inscribuntur,
1351 2382 1410 2414 ac
1434 2365 1695 2429 praecipue
1714 2367 1932 2415 secunda

275 2461 335 2492 ex
366 2444 440 2493 his
474 2445 628 2494 oratio
646 2464 660 2506 ,·
695 2455 767 2495 est
801 2446 932 2494 enim
961 2446 1120 2495 verbis
1155 2455 1325 2495 ornata
1358 2455 1406 2494 et
1439 2445 1705 2505 sententiiS,
1733 2445 1931 2494 auribus

274 2522 495 2573 iudicum
529 2527 916 2585 accommodata,
945 2536 999 2574 ut
1035 2526 1158 2575 scias
1194 2526 1357 2589 ipsum
1391 2542 1591 2588 quoque
1621 2527 1828 2576 Calvum
1864 2526 1933 2574 in-

331 2661 355 2686 2
385 2661 514 2687 scena
541 2647 633 2687 EH
645 2663 652 2686 :
696 2661 864 2686 scenam
887 2652 968 2688 cett.
1137 2661 1158 2696 7
1191 2661 1343 2687 sensus
1370 2647 1586 2687 Muretus:
1630 2649 1673 2686 in
1706 2649 1792 2687 suis
1820 2647 1930 2687 codd.

275 2702 302 2740 8
323 2702 506 2752 exigitur
526 2702 639 2752 Lips.
657 2716 665 2740 ε
697 2702 890 2751 exigetur
914 2701 963 2740 C:
996 2707 1230 2751 exercetur,
1249 2705 1321 2741 ἃς.
1349 2706 1427 2741 cett.
1543 2715 1597 2741 20
1628 2702 1781 2741 Canuti
1801 2701 1909 2739 ΒΖΗ
1921 2715 1929 2739 :

277 2755 447 2805 Ganuti,
473 2756 622 2794 Sanuti
642 2760 722 2795 cett.
835 2761 906 2794 aut
925 2754 1000 2793 Ari
1022 2754 1176 2795 B²Put.
1289 2756 1471 2795 Toranio
1491 2755 1584 2794 BH
1597 2770 1604 2794 :
1638 2757 1821 2794 Coranio
1852 2759 1931 2794 cett.

277 2821 327 2847 21
360 2809 464 2848 alios
486 2809 585 2848 CD:
628 2811 779 2859 quique
813 2810 917 2848 alios
952 2808 1062 2847 AB:
1108 2821 1297 2858 quosque
1320 2839 1329 2849 .
1355 2841 1363 2849 .
1387 2840 1396 2850 .
1420 2810 1524 2848 haec
1566 2810 1720 2848 macies
1758 2810 1830 2860 (ob
1852 2838 1861 2848 .
1885 2838 1894 2848 .
1922 2839 1929 2847 .

278 2862 385 2901 hanc
424 2863 596 2902 maciem
624 2862 794 2915 Vahlen)
825 2863 1077 2902 Gronovius:
1123 2864 1277 2913 quique
1306 2863 1376 2901 alii
1400 2894 1408 2903 .
1434 2894 1443 2903 .
1465 2894 1474 2904 .
1499 2865 1684 2913 produnt
1716 2862 1932 2901 Acidalius

281 2916 503 2965 (praebent
521 2917 667 2959 Rittem
804 2919 858 2955 26
887 2917 1072 2955 omnium
1092 2916 1329 2955 Acidalius:
1363 2918 1579 2955 hominum
1603 2917 1709 2956 codd.
1878 2928 1928 2964 27

278 2969 562 3008 inscribuntur
582 2971 692 3019 Lips.
713 2984 719 3006 :
753 2970 1086 3018 conscribuntur,
1112 2969 1351 3009 scribuntur
1372 2970 1480 3009 codd.
