2138 3470
878 192 1244 242 AGRICOLA

234 328 357 379 versi
392 327 636 378 servitutis
672 337 893 393 expertes
930 338 980 379 et
1014 331 1179 379 nullae
1215 331 1341 380 ultra
1372 338 1527 381 terrae
1563 348 1624 380 ac
1661 349 1724 381 ne
1760 350 1892 383 mare

232 410 435 475 quidem
485 427 713 460 securum
760 409 1034 460 inminente
1091 409 1237 460 nobis
1293 413 1450 462 classe
1501 415 1742 462 Romana.
1827 415 1894 463 ita
1921 433 1940 459 2

233 490 473 556 proelium
508 500 660 554 atque
689 508 837 551 arma,
875 508 1003 556 quae
1033 491 1242 542 fortibus
1276 494 1496 554 honesta,
1536 496 1713 544 eadem
1745 494 1892 544 etiam

233 571 418 635 ignavis
464 571 707 622 tutissima
746 581 874 622 sunt.
963 571 1150 638 priores
1189 590 1396 638 pugnae,
1439 574 1619 638 quibus
1659 577 1893 625 adversus
1918 590 1941 628 3

185 669 208 708 5
234 655 491 702 Romanos
532 653 664 703 varia
699 656 895 703 fortuna
931 664 1171 704 certatum
1209 664 1294 715 est,
1339 671 1479 718 spem
1519 672 1579 704 ac
1615 655 1892 726 subsidium

231 732 284 783 in
307 733 485 783 nostris
509 734 738 784 manibus
762 736 1026 796 habebant,
1055 735 1171 799 quia
1204 735 1497 785 nobilissimi
1529 735 1679 785 totius
1709 736 1895 786 Britan-

232 814 345 864 niae
375 831 536 878 eoque
570 815 621 864 in
657 815 774 880 ipsis
807 816 1138 880 penetralibus
1170 815 1249 865 siti
1286 833 1380 865 nec
1416 812 1731 866 servientium
1754 817 1895 867 litora

231 896 538 961 aspicientes,
577 898 748 946 oculos
784 913 984 960 quoque
1020 914 1050 946 a
1087 905 1318 946 contactu
1356 884 1707 959 dominationis
1745 897 1896 947 invio-

235 981 360 1029 latos
395 965 712 1028 habebamus.
786 995 877 1036 nos
912 987 1146 1044 terrarum
1183 996 1242 1027 ac
1279 978 1513 1028 libertatis
1532 986 1793 1028 'extremos
1827 996 1896 1028 re·
1917 994 1943 1034 4

166 1078 216 1107 10
236 1058 545 1128 cessusipse
581 1075 641 1108 ac
672 1059 808 1108 sinus
845 1060 1004 1125 famae
1039 1059 1089 1107 in
1122 1061 1255 1108 hunc
1291 1058 1424 1108 diem
1460 1059 1682 1109 defendit
1699 1077 1713 1120 3
1746 1068 1896 1123 atque

235 1157 385 1190 omne
419 1139 641 1203 ignotum
666 1130 768 1208 ‘pro’-
801 1139 1062 1203 magnifico
1098 1149 1199 1189 est:
1241 1141 1330 1189 sed
1358 1157 1492 1188 nunc
1524 1139 1759 1188 terminus
1796 1139 1896 1189 Bri-
1918 1157 1941 1196 5

235 1219 431 1270 tanniae
453 1229 600 1285 patet,
629 1222 763 1270 nulla
791 1220 889 1269 iam
918 1223 1043 1270 ultra
1065 1237 1198 1284 gens,
1226 1219 1348 1268 nihil
1372 1219 1466 1268 nisi
1489 1222 1667 1270 fluctus
1692 1229 1742 1269 et
1765 1236 1891 1280 saxa,
1930 1235 1932 1238 ·

234 1309 284 1350 et
306 1300 579 1351 infestiores
612 1300 840 1362 Romani,
873 1318 1083 1365 quorum
1116 1300 1395 1365 superbiam
1431 1303 1605 1350 frustra
1639 1318 1726 1365 per
1757 1301 1896 1350 obse-

235 1381 408 1445 quium
444 1399 503 1431 ac
544 1381 838 1431 modestiam
877 1382 1137 1446 effugeris.'
1191 1390 1407 1446 raptores
1444 1381 1589 1441 orbis,
1631 1391 1895 1445 postquam
1918 1391 1943 1432 6

164 1480 211 1521 15
235 1471 416 1512 cuncta
445 1462 747 1511 vastantibus
779 1463 978 1512 defuere
1006 1471 1172 1523 terrae,
1208 1461 1306 1511 iam
1335 1471 1384 1512 et
1418 1479 1552 1511 mare
1587 1470 1895 1511 scrutantur:

236 1541 277 1592 si
311 1544 530 1607 locuples
565 1541 720 1592 hostis
749 1552 834 1603 est,
866 1542 1009 1603 avari,
1043 1543 1083 1592 si
1111 1559 1308 1607 pauper,
1344 1542 1604 1603 ambitiosi,
1632 1559 1759 1606 quos
1793 1559 1896 1592 non

237 1623 427 1684 Oriens,
466 1640 567 1673 non
603 1623 852 1673 Occidens
888 1623 1163 1673 satiaverit:
1205 1623 1296 1673 soli
1328 1623 1551 1673 omnium
1589 1640 1709 1687 opes
1747 1632 1897 1687 atque

237 1702 455 1768 inopiam
495 1703 599 1768 pari
638 1705 836 1753 adfectu
875 1704 1245 1768 concupiscunt.
1318 1705 1506 1754 auferre
1545 1703 1788 1753 trucidare
1828 1717 1942 1759 ra-7

237 1802 352 1850 pere
397 1784 528 1835 falsis
574 1784 858 1835 nominibus
916 1784 1188 1850 imperium,
1237 1794 1388 1849 atque
1433 1784 1520 1834 ubi
1577 1783 1895 1835 solitudinem

165 1887 215 1917 20
236 1865 433 1926 faciunt,
471 1881 646 1930 pacem
680 1868 958 1930 appellant.'

187 1961 262 2022 ‘s
309 1948 322 1972 ‘
340 1944 543 1994 Liberos
584 1944 763 2008 cuique
802 1961 861 1994 ac
899 1944 1202 2009 propinquos
1243 1960 1358 1994 suos
1400 1952 1574 1994 natura
1619 1942 1894 1993 carissimos
1917 1955 1973 2003 31
2008 1981 2010 1983 >

182 2024 185 2025 ⁷
238 2041 346 2075 esse
380 2024 560 2075 voluit:
602 2024 654 2073 hi
682 2042 768 2089 per
799 2024 1007 2075 dilectus
1042 2025 1159 2075 alibi
1183 2023 1403 2075 servituri
1426 2027 1741 2074 auferuntur:
1783 2041 1897 2073 con-

238 2105 374 2169 iuges
432 2122 719 2169 sororesque
771 2105 918 2155 etiam
966 2106 1005 2155 si
1052 2106 1281 2155 hostilem
1333 2105 1590 2155 libidinem
1649 2104 1893 2168 effugiant,

167 2175 170 2179 ⁵
239 2186 441 2236 nomine
474 2186 745 2236 amicorum
769 2196 918 2251 atque
941 2186 1191 2250 hospitum
1216 2188 1513 2249 polluuntur.
1585 2186 1719 2235 bona
1753 2187 1899 2234 fortu-
1923 2200 1944 2228 2

168 2285 216 2326 25
241 2283 434 2330 naeque
466 2267 518 2315 in
553 2267 801 2327 tributum,
836 2284 950 2330 ager
983 2276 1132 2331 atque
1166 2283 1324 2315 annus
1360 2265 1411 2314 in
1446 2267 1758 2325 frumentum,
1797 2281 1899 2314 cor-

240 2362 360 2411 pora
399 2347 506 2411 ipsa
539 2364 598 2396 ac
640 2364 813 2396 manus
851 2347 982 2396 silvis
1019 2364 1078 2396 ac
1119 2345 1382 2410 paludibus
1424 2333 1734 2394 emuniendis
1773 2345 1899 2395 inter

240 2428 440 2477 verbera
462 2444 520 2476 ac
544 2427 865 2477 contumelias
889 2437 1219 2477 conteruntur.
1281 2435 1396 2476 nata
1414 2425 1631 2476 servituti
1655 2425 1898 2490 mancipia

241 2509 393 2556 semel
434 2516 660 2567 veneunt,
704 2517 853 2571 atque
893 2510 1020 2557 ultro
1061 2525 1091 2557 a
1128 2507 1343 2557 dominis
1381 2509 1605 2568 aluntur:
1648 2505 1899 2555 Britannia

242 2586 525 2638 servitutem
563 2604 703 2638 suam
739 2587 922 2638 cotidie
958 2587 1089 2648 emit,
1129 2587 1312 2638 cotidie
1348 2587 1516 2651 pascit.
1588 2603 1646 2636 ac
1682 2586 1807 2636 sicut
1846 2585 1898 2634 in
1924 2602 1948 2641 3

172 2685 223 2725 30
242 2668 425 2718 familia
447 2667 808 2718 recentissimus
832 2667 1041 2732 quisque
1063 2684 1312 2718 servorum
1337 2667 1485 2717 etiam
1509 2666 1754 2717 conservis
1778 2665 1899 2716 ludi-

243 2747 350 2797 brio
374 2757 459 2808 est,
488 2748 557 2798 sic
584 2748 636 2798 in
667 2750 765 2798 hoc
795 2748 928 2798 orbis
960 2758 1193 2799 terrarum
1217 2757 1379 2798 vetere
1402 2750 1639 2798 famulatu
1664 2746 1779 2797 novi
1807 2762 1898 2796 nos

302 2876 352 2904 10
379 2864 498 2905 sinus
526 2865 636 2905 sama
666 2865 863 2905 Boxhorn
992 2872 1118 2915 atque
1138 2895 1148 2905 .
1176 2897 1184 2905 .
1206 2895 1214 2904 .
1237 2866 1314 2904 sed
1343 2865 1423 2905 huc
1449 2865 1700 2916 transposuit
1719 2863 1897 2912 Brueys:

247 2918 353 2957 codd.
368 2923 464 2970 post
479 2925 596 2970 patet
608 2920 781 2959 habent:
811 2919 897 2961 secl.
919 2919 1107 2959 Muretus
1219 2931 1266 2969 15
1289 2925 1429 2959 terrae
1452 2920 1532 2959 iam
1548 2919 1712 2959 Halm:
1743 2923 1899 2956 terram

228 3014 230 3019 ,
246 2971 356 3010 codd.
466 2972 640 3024 25-que]
653 2987 763 3023 quae
778 2974 862 3013 r¹A
946 2987 1048 3024 ager
1067 2979 1193 3024 atque
1206 2973 1253 3013 F.
1265 2971 1394 3022 Jacob
1410 2987 1418 3011 :
1450 2978 1626 3023 aggerat
1639 2970 1748 3012 codd.
1848 2981 1898 3019 27

249 3031 528 3066 conteruntur
546 3027 677 3066 idem:
709 3033 935 3067 conterunt
954 3027 1064 3067 codd.
1229 3041 1282 3077 29
1310 3028 1517 3077 quottidie
1539 3025 1646 3065 codd.
