2138 3470
798 181 1145 232 CORNELII
1182 182 1428 233 TACITI

251 321 512 387 :patricios
551 322 791 384 adscivit3
835 338 894 372 ac
935 321 1120 373 deinde
1159 321 1441 388 provinciae
1480 322 1780 388 Aquitaniae
1815 341 1953 390 prae-

249 433 256 453 2
279 403 458 468 posuit,
486 403 778 469 splendidae
806 403 1028 467 inprimis
1058 402 1308 468 dignitatis
1334 403 1759 456 administratione
1781 422 1840 456 ac
1864 423 1953 472 spe

234 504 255 533 2
279 487 578 546 consulatus,
606 484 688 534 cui
711 484 992 534 destinarat.
1065 486 1275 535 credunt
1302 485 1524 550 plerique
1558 485 1847 537 militaribus
1882 486 1952 537 in-

276 565 433 631 geniis
469 565 792 616 subtilitatem
825 567 1014 627 deesse,
1042 565 1159 636 quia
1187 565 1446 616 castrensis
1473 566 1746 618 iurisdictio
1779 584 1951 618 secura

250 670 254 675 ¹
277 655 330 696 et
351 647 656 698 obtusior‘ac
679 650 820 711 plura
843 664 997 699 manu
1024 663 1176 712 agens
1210 646 1531 701 calliditatem
1560 647 1653 698 fori
1683 664 1787 699 non
1819 666 1950 700 exer·
1971 660 1995 702 5

229 743 252 781 3
277 737 399 777 ceat.
472 728 702 793 Agricola
741 728 952 781 naturali
991 727 1267 793 prudentia,
1307 717 1531 793 quamvis
1571 728 1699 780 inter
1737 739 1943 795 togatOS,

276 808 419 859 facile
442 808 670 873 iusteque
691 810 885 874 agebat.
947 808 1047 858 iam
1070 826 1187 859 vero
1211 818 1436 874 tempora
1457 826 1686 860 curarum
1708 810 1949 861 remissio-

275 907 498 955 numque
526 890 683 941 divisa
701 894 712 941 ἐ
729 890 847 942 subi
875 899 1150 940 conventus
1184 907 1246 941 ac
1279 890 1463 941 iudicia
1490 900 1764 956 poscerent,
1789 891 1948 957 gravis

275 971 493 1022 intentus
539 988 749 1033 severuS,
789 981 839 1022 et
886 971 1081 1036 saepius
1128 971 1402 1022 misericors
1425 991 1436 1023 ε
1487 972 1576 1022 ubi
1621 972 1786 1023 officio
1831 973 1948 1023 satis

274 1055 473 1115 factum,
500 1055 637 1104 nulla
660 1056 787 1104 ultra
809 1052 1067 1119 potestatis
1091 1069 1302 1118 persona
1321 1072 1337 1116 3
1370 1052 1616 1104 tristitiam
1639 1059 1689 1104 e‘t
1710 1055 1949 1120 adrogan-
1971 1076 2023 1107 ιο

224 1150 252 1192 4
273 1134 393 1184 tiam
429 1143 493 1184 et*
514 1134 766 1184 avaritiam
804 1143 1015 1184 exuerat.
1087 1151 1182 1184 nec
1217 1134 1298 1196 illi,
1334 1136 1473 1199 quod
1514 1144 1590 1185 est
1629 1135 1942 1198 rarissimum,

271 1225 359 1266 aut
398 1215 604 1266 facilitas
644 1215 987 1267 auctoritatem
1027 1225 1114 1266 aut
1153 1215 1383 1266 severitas
1423 1233 1646 1267 amorem
1684 1216 1941 1267 deminuit.

272 1297 601 1363 integritatem
628 1307 779 1362 atque
807 1296 1157 1347 abstinentiam
1188 1297 1240 1349 in
1269 1306 1407 1348 tanto
1430 1298 1534 1348 viro
1563 1300 1740 1348 referre
1770 1297 1947 1350 iniuria

224 1396 247 1437 5
271 1379 506 1429 virtutum
546 1378 703 1429 fuerit.
775 1396 841 1429 ne
871 1380 1060 1429 ‘famam
1095 1378 1312 1443 quidem,
1340 1378 1422 1429 cui
1455 1396 1603 1444 saepe
1638 1379 1788 1430 etiam
1821 1379 1944 1429 boni

271 1460 542 1526 indulgent,
565 1461 862 1511 ostentanda
879 1459 1058 1512 virtute
1080 1470 1166 1510 aut
1189 1477 1277 1525 per
1293 1469 1449 1528 artem
1467 1460 1737 1526 quaesivit:
1769 1463 1941 1526 procul
1966 1480 2014 1527 ¹⁵

269 1542 335 1591 ab
367 1541 966 1594 aemulationeadversus
994 1543 1220 1607 collegaS‚
1248 1544 1420 1607 procul
1454 1559 1484 1592 a
1516 1541 1836 1593 contentione
1858 1543 1943 1592 ad·
1991 1531 1993 1533 ’

269 1639 437 1673 versus
462 1631 815 1687 procuratoreS‚
845 1632 894 1673 et
917 1622 1115 1677 vincere
1142 1623 1404 1688 inglorium
1429 1631 1479 1675 et
1509 1622 1652 1685 atteri
1683 1622 1941 1673 sordidum

221 1712 247 1753 6
269 1703 606 1754 arbitrabatur.
629 1710 657 1726 ·“
679 1703 843 1754 minus
876 1703 1141 1759 triennium
1173 1703 1225 1753 in
1258 1721 1316 1754 ea
1347 1704 1592 1769 legatione
1619 1705 1850 1767 detentus
1881 1721 1941 1754 ac

269 1784 434 1834 statim
457 1787 522 1835 ad
548 1802 687 1850 spem
712 1787 997 1835 consulatus
1021 1794 1278 1841 revocatus
1303 1795 1389 1846 est,
1412 1786 1681 1836 comitante
1704 1785 1941 1851 opinione

269 1865 575 1916 Britanniam
611 1866 656 1916 ei
692 1866 995 1931 provinciam
1023 1866 1149 1927 dari,
1169 1866 1316 1916 nullis
1351 1866 1402 1915 in
1438 1868 1535 1916 hoc
1570 1866 1671 1917 suis
1706 1866 1939 1929 sermoni-
1963 1887 2015 1917 20

222 1947 374 2007 7b'uS,
419 1949 509 1997 sed
556 1947 671 2011 quia
718 1964 805 2011 par
844 1946 1115 1997 videbatur.
1202 1949 1337 1998 haud
1378 1964 1572 2012 semper
1612 1956 1738 1998 errat
1777 1950 1941 2013 fama3

266 2027 535 2091 aliquando
560 2037 609 2078 et
633 2028 790 2093 elegit.
863 2030 1039 2079 consul
1072 2028 1293 2094 egregiae
1324 2038 1430 2078 tum
1463 2029 1568 2094 spei
1596 2029 1749 2079 filiam
1772 2028 1938 2080 iuveni

266 2108 388 2157 mihi
412 2109 679 2174 despondit
707 2126 765 2159 ac
795 2118 908 2174 post
935 2112 1248 2160 consulatum
1273 2110 1545 2171 collocavit,
1573 2119 1622 2160 et
1646 2110 1939 2161 statimBri-

266 2189 463 2240 tanniae
487 2190 794 2255 praepositus
819 2200 905 2252 est,
932 2190 1128 2242 adiecto
1152 2190 1468 2256 pontificatus
1492 2191 1803 2242 sacerdotiO.¹

182 2285 241 2321 10
334 2270 616 2321 Britanniae
651 2271 800 2321 situm
836 2274 1149 2337 populosque
1185 2272 1351 2322 multis
1393 2272 1711 2337 scriptoribus
1751 2289 1937 2323 memo-
1961 2293 2009 2343 ²⁵

265 2361 394 2401 ratos
432 2369 535 2402 non
572 2352 624 2402 in
665 2353 1087 2418 comparationem
1129 2371 1275 2404 curae
1312 2353 1555 2418 ingeniive
1590 2355 1808 2414 referam,
1844 2355 1934 2405 sed

264 2433 380 2496 quia
412 2442 517 2483 tum
554 2434 767 2498 primum
800 2435 1084 2499 perdomita,
1110 2444 1216 2484 est:
1252 2435 1320 2484 ita
1344 2451 1471 2499 quae
1495 2434 1678 2499 priores
1706 2436 1933 2486 nondum

218 2534 236 2561 2
264 2523 516 2578 comperta
545 2515 827 2579 eloquentia
856 2518 1152 2580 percoluere,
1181 2532 1341 2566 rerum
1371 2517 1470 2566 fide
1495 2517 1758 2565 tradentur.
1833 2515 1934 2564 Bri-

264 2594 442 2654 tannia,
463 2594 732 2646 insularum
752 2613 874 2660 quas
896 2599 1126 2647 Romana
1144 2596 1318 2647 notitia
1336 2595 1679 2661 complectitur
1702 2595 1927 2658 maxima,

263 2675 422 2740 spatio
467 2693 526 2725 ac
573 2680 711 2727 caelo
765 2678 814 2726 in
868 2678 1107 2728 orientem
1156 2678 1463 2738 Germaniae,
1514 2677 1564 2727 in
1606 2676 1929 2728 occidentem
1953 2696 2006 2748 ³9

319 2817 337 2843 1
359 2806 597 2856 proposuit
618 2810 654 2845 Δ
820 2820 845 2856 4
875 2807 1029 2847 adesse
1049 2812 1085 2846 Δ
1228 2823 1230 2825 ·
1281 2820 1308 2858 9
1338 2805 1404 2861 et]
1429 2806 1507 2848 sed
1527 2805 1714 2861 Draeger
1878 2820 1928 2849 10

264 2859 378 2900 nulla
401 2891 410 2900 .
434 2890 442 2899 .
468 2890 477 2900 .
500 2872 685 2910 persona
719 2859 877 2902 Rhen.:
928 2861 1088 2901 nullam
1113 2893 1120 2903 .
1148 2892 1158 2902 .
1180 2890 1190 2902 .
1215 2874 1443 2913 personam
1482 2858 1592 2900 codd.
1802 2873 1848 2902 11
1882 2868 1927 2902 et

261 2914 479 2954 avaritiam
500 2914 587 2954 secl.
606 2913 819 2954 Heraeus:
850 2915 1062 2955 tristitiam
1086 2947 1095 2956 .
1118 2945 1129 2957 .
1150 2945 1160 2957 .
1185 2921 1363 2960 exuerat
1389 2914 1491 2954 Wex
1643 2927 1691 2954 12
1721 2914 1926 2956 deminuit

262 2969 374 3021 Lips.
395 2983 405 3009 ε
434 2968 630 3008 diminuit
651 2967 763 3008 codd.
934 2981 983 3019 15
1014 2970 1267 3010 ostentanda
1287 2968 1421 3010 Rhen.
1441 2983 1451 3009 z
1491 2970 1788 3009 ostentandam
1813 2968 1923 3012 codd.

262 3037 314 3062 22
345 3022 544 3074 egregiae
566 3021 662 3063 Put.
685 3037 695 3063 ε
726 3023 934 3074 graeciae,
958 3029 1106 3072 gratae
1127 3022 1235 3065 mdd.
1405 3035 1458 3073 23
1488 3021 1558 3075 ac]
1580 3028 1621 3062 et
1642 3028 1679 3062 Δ
