2138 3470
903 163 1269 212 AGRICOLA

253 307 437 362 regunt,
487 298 554 348 ita
610 306 812 362 repente
868 298 1064 359 inmisit,
1115 308 1169 348 ut
1215 300 1543 364 obstupefacti
1595 303 1773 363 hostes,
1824 302 1908 366 qui

198 388 205 394 '
253 380 471 439 classem,
514 379 599 442 qui
639 379 788 439 navis,
828 379 913 443 qui
960 396 1093 429 mare
1134 381 1496 443 exspectabant,
1538 381 1659 430 nihil
1699 384 1908 431 arduum

251 468 337 508 aut
381 459 618 508 invictum
665 459 961 509 crediderint
1002 459 1071 509 sic
1108 462 1173 509 ad
1221 461 1406 510 bellum
1447 462 1769 511 venientibus.
1842 464 1909 511 ita
1932 471 1957 510 6

252 538 404 603 petita
431 556 554 602 pace
586 557 644 588 ac
677 539 845 589 dedita
876 539 1035 589 insula
1068 543 1225 589 clarus
1254 558 1313 590 ac
1342 558 1549 604 magnus
1582 543 1751 603 haberi
1768 543 1911 605 'Agri-

205 642 228 683 5
252 622 373 680 cola,
409 620 593 683 quippe
629 621 708 669 cui
742 620 1035 684 ingredienti
1070 621 1385 685 provinciam,
1426 624 1564 685 quod
1599 632 1793 686 tempus
1827 622 1910 671 alii

252 717 340 764 per
374 700 754 750 ostentationem
790 711 838 750 et
874 701 1146 751 officiorum
1181 702 1425 751 ambitum
1460 703 1744 766 transigunt,
1772 704 1911 752 labor

254 789 303 830 et
339 781 610 844 periculum
646 781 921 846 placuisset.
994 799 1086 831 nec
1122 782 1351 845 Agricola
1394 783 1715 846 prosperitate
1749 800 1910 832 rerum
1936 799 1957 842 7

253 862 305 910 in
327 862 593 912 vanitatem
616 880 746 922 usus,
767 862 1130 926 expeditionem
1154 872 1239 912 aut
1257 863 1511 912 victoriam
1530 864 1738 912 vocabat
1755 863 1910 912 victos

254 943 554 992 continuisse
571 962 584 1003 3
619 961 682 992 ne
716 944 942 993 laureatis
978 945 1181 1007 quidem
1215 955 1352 1007 gesta
1388 955 1676 1008 prosecutus
1708 955 1793 1005 est,
1822 948 1911 995 sed

183 1040 234 1070 ιο
253 1023 359 1086 ipsa
383 1023 772 1073 dissimulatione
790 1027 949 1074 famae
961 1024 1149 1074 'famam
1173 1026 1319 1086 auxit,
1337 1026 1712 1076 aestimantibus
1727 1036 1911 1090 quanta

253 1103 401 1152 futuri
424 1121 511 1167 spe
534 1113 636 1153 tam
661 1122 836 1168 magna
860 1105 1102 1154 tacuisset.

321 1186 554 1235 Ceterum
581 1186 857 1235 animorum
890 1186 1169 1249 provinciae
1200 1189 1430 1250 prudens,
1460 1188 1705 1251 simulque
1733 1190 1909 1237 doctus
1933 1199 1992 1245 19

253 1284 341 1330 per
384 1267 543 1316 aliena
589 1267 920 1331 experimenta
966 1285 1138 1331 parum
1185 1269 1358 1331 profici
1411 1268 1570 1329 armis,
1621 1269 1661 1317 si
1707 1269 1911 1317 iniuriae

255 1357 584 1411 sequerentur,
612 1365 783 1397 causas
807 1349 1049 1397 bellorum
1078 1348 1246 1397 statuit
1275 1349 1510 1398 excidere.
1583 1367 1613 1399 a
1637 1367 1689 1399 se
1713 1350 1911 1413 suisque
1936 1364 1955 1390 2

185 1449 232 1488 15
257 1445 395 1478 orsus
418 1428 631 1493 primurn
660 1431 867 1478 domum
899 1446 1039 1478 suam
1071 1429 1300 1490 coercuit,
1329 1432 1466 1493 quod
1498 1430 1743 1493 plerisque
1778 1432 1912 1479 haud

256 1509 420 1558 minus
463 1510 674 1558 arduum
721 1519 795 1558 est
841 1526 990 1572 quam
1037 1509 1340 1572 provinciam
1394 1527 1571 1574 regere.
1659 1510 1781 1558 nihil
1827 1528 1914 1574 per

254 1589 455 1639 libertos
490 1605 754 1653 servosque
788 1590 1016 1653 publicae
1047 1590 1128 1650 rei,
1156 1607 1259 1639 non
1291 1590 1465 1639 studiis
1501 1590 1697 1654 privatis
1729 1608 1822 1640 nec
1853 1609 1913 1640 ex

255 1669 687 1719 commendatione
710 1679 795 1719 aut
819 1670 1046 1734 precibus
1075 1670 1416 1720 centurionem
1440 1671 1680 1720 militesve
1707 1671 1908 1731 adscire,

255 1752 344 1800 sed
363 1751 606 1815 optimum
625 1768 874 1814 quemque
893 1751 1186 1800 fidissimum
1211 1761 1394 1815 putare.
1468 1751 1635 1800 omnia
1654 1751 1787 1812 scire,
1811 1769 1913 1801 non
1937 1767 1959 1804 3

183 1853 233 1881 20
256 1831 423 1880 omnia
447 1831 660 1895 exsequi.
733 1831 890 1896 parvis
915 1832 1131 1895 peccatis
1155 1832 1363 1893 veniam,
1392 1832 1580 1896 magnis
1606 1833 1912 1882 severitatem

255 1914 574 1962 commodare
591 1930 606 1973 3
652 1929 747 1962 nec
786 1930 948 1976 poena
988 1930 1193 1977 semper,
1239 1915 1328 1962 sed
1375 1913 1568 1976 saepius
1615 1914 1914 1976 paenitentia

255 2002 517 2042 contentus
564 2010 706 2054 esse3
754 1993 925 2042 officiis
971 2002 1021 2043 et
1066 1993 1572 2043 administrationibus
1613 1994 1776 2057 potius
1811 2011 1913 2043 non

254 2083 542 2138 peccaturos
599 2090 913 2138 praeponere,
964 2091 1114 2138 quam
1168 2077 1403 2124 damnare
1450 2092 1564 2123 cum
1611 2084 1910 2138 peccassent.

255 2154 486 2204 frumenti
528 2163 576 2204 et
617 2155 910 2204 tributorum
958 2154 1265 2204 exactionem
1311 2154 1607 2218 aequalitate
1653 2172 1912 2204 munerum
1936 2171 1960 2208 4

182 2256 232 2297 25
256 2235 457 2295 mollire,
485 2234 783 2284 circumcisis
817 2252 944 2299 quae
978 2235 1029 2283 in
1065 2244 1325 2298 quaestum
1358 2237 1550 2298 'reperta
1585 2234 1694 2298 ipso
1730 2234 1913 2283 tributo

254 2315 446 2379 gravius
469 2316 814 2365 tolerabantur.
868 2333 1083 2379 namque
1101 2333 1189 2379 per
1206 2315 1474 2364 ludibrium
1493 2315 1718 2364 adsidere
1737 2316 1913 2364 clausis

255 2396 440 2446 horreis
465 2405 514 2445 et
537 2414 699 2446 emere
723 2399 850 2445 ultro
874 2399 1117 2446 frumenta
1140 2413 1199 2445 ac
1222 2397 1392 2444 ludere
1415 2395 1572 2459 pretio
1597 2396 1909 2459 cogebantur.

256 2475 464 2525 divortia
500 2476 728 2526 itinerum
763 2487 813 2525 et
846 2476 1176 2540 longinquitas
1213 2475 1469 2539 regionum
1503 2475 1823 2536 indicebatur,
1859 2485 1913 2524 ut
1937 2489 1958 2527 5

257 2555 475 2606 civitates
522 2556 753 2620 proximis
804 2556 1020 2606 hibernis
1067 2556 1118 2604 in
1165 2565 1353 2605 remota
1400 2565 1449 2604 et
1494 2555 1602 2604 avia
1653 2557 1908 2616 deferrent,

313 2700 339 2736 4
367 2688 503 2737 potita
531 2694 568 2727 Δ
729 2701 757 2737 9
786 2700 864 2726 nec
893 2693 930 2726 Δ
1100 2698 1148 2735 13
1178 2686 1363 2725 incuriae
1394 2691 1431 2725 Δ
1602 2697 1649 2735 15
1679 2685 1855 2735 primam
1883 2689 1911 2723 Γ

263 2741 312 2779 18
341 2741 548 2781 militesve
567 2742 703 2781 ascire
729 2741 852 2780 Wex:
890 2740 1045 2779 milites
1073 2740 1237 2778 nescire
1264 2739 1402 2780 codd.:
1441 2739 1738 2778 centurionum
1760 2739 1913 2777 milites

259 2795 395 2834 ascire
414 2794 510 2835 Put.
624 2809 676 2844 24
706 2796 943 2834 auctionem
964 2792 1028 2832 1¹¹:
1061 2794 1280 2833 auctiones
1301 2793 1354 2831 A²
1428 2794 1680 2842 aequalitate
1701 2792 1818 2830 Pan:
1852 2793 1910 2830 in-

260 2849 513 2897 aequalitate
551 2848 680 2888 codd.:
738 2861 956 2887 monerum
992 2847 1057 2886 1⁸¹:
1117 2847 1456 2897 inaequalitatem
1497 2860 1673 2886 onerum
1706 2846 1913 2884 Baehrens

262 2913 312 2950 27
342 2902 386 2940 in
406 2903 592 2954 margine
607 2903 766 2942 obelum
786 2902 902 2942 habet
920 2907 948 2940 Γ
1153 2902 1205 2939 28
1235 2901 1422 2939 devortia
1445 2900 1555 2951 LipS.
