2138 3470
763 672 1358 739 PRAEFATIO

297 868 479 916 Hmus
536 863 689 915 libelli
735 866 838 914 duo
884 862 1108 913 tantum¹
1160 862 1358 914 codices
1403 860 1558 913 hodie
1605 860 1711 911 noti
1758 869 1886 919 sunt,

227 952 455 1003 Vaticani
481 970 609 1017 3429
637 951 716 1018 (Γ)
742 961 791 1002 et
815 954 946 1015 4498
973 951 1072 1018 (Δ).

293 1047 345 1104 Γ,
373 1044 672 1103 chartaceus,
709 1050 824 1091 ante
862 1026 1012 1110 finem
1042 1040 1225 1090 saeculi
1263 1039 1423 1104 quinti
1461 1039 1642 1089 decimi
1679 1056 1708 1087 a
1747 1041 1890 1088 Pom-

225 1130 380 1194 ponio
416 1132 585 1190 Laet0,
611 1129 716 1179 viro
751 1129 877 1178 inter
913 1131 1170 1178 Romanos
1206 1126 1511 1188 doctissimo,
1539 1143 1599 1176 ex
1625 1125 1890 1190 exemplari

226 1220 363 1283 quod
387 1235 451 1268 ne
474 1218 627 1268 verbo
661 1217 865 1282 quidem
898 1216 1135 1267 indicavit
1170 1215 1446 1280 descriptus
1476 1224 1549 1266 est
1572 1217 1638 1266 ad
1662 1216 1890 1279 supplen-

145 1374 154 1382 χ
226 1309 348 1356 dum
365 1305 596 1356 editionis
615 1305 872 1369 Spirensis,
891 1304 1053 1354 Taciti
1078 1317 1287 1369 operum
1306 1304 1542 1369 principis
1569 1304 1765 1370 (Venet.
1783 1306 1885 1354 circ.

232 1394 393 1459 1470),
416 1396 681 1454 defectum,
699 1393 750 1442 in
775 1410 873 1457 qua
897 1392 996 1442 vita
1012 1392 1273 1457 Agricolae
1291 1394 1471 1443 deerat.
1528 1391 1886 1452 Correcffiones,

227 1483 328 1533 sive
367 1499 514 1546 supra
551 1482 733 1532 lineam
773 1481 875 1531 sive
909 1481 959 1530 in
997 1480 1218 1545 margine
1252 1480 1470 1545 scriptas,
1497 1482 1776 1545 complures
1801 1497 1890 1530 sua

228 1588 378 1621 manu
413 1570 684 1634 adscripsit,
713 1587 772 1620 ex
806 1569 987 1635 quibus
1023 1587 1205 1634 paucas
1241 1579 1433 1619 tantum
1472 1568 1673 1635 (quibus
1713 1571 1890 1633 ‘puto'

227 1661 303 1709 vel
331 1664 343 1686 ‘
358 1668 412 1709 ut
435 1668 557 1723 puto
577 1661 587 1682 '
612 1658 825 1723 addidit)
847 1667 1099 1723 tamquam
1125 1675 1237 1708 suas
1262 1657 1591 1708 correctiones
1616 1657 1885 1722 proposuit.

229 1750 289 1797 In
313 1747 419 1797 aliis
444 1747 757 1812 quibusdam,
785 1746 954 1797 litteris
983 1749 1083 1796 ‘al'
1115 1746 1311 1807 additis,
1338 1746 1581 1796 incertum
1614 1755 1688 1797 est
1724 1756 1887 1796 utrum

225 1835 433 1886 aliorum
491 1835 812 1897 coniecturas,
870 1853 934 1885 an
993 1835 1229 1885 incertam
1266 1835 1542 1900 ¹archetypi
1600 1835 1888 1900 scripturam

226 1923 443 1974 indicare
499 1924 718 1975 voluerit.
795 1923 1066 1974 Maximam
1119 1923 1481 1975 correctionum
1529 1934 1733 1988 partem,
1783 1924 1888 1974 sine

226 2012 582 2077 cuiuscumque
605 2013 796 2078 generis
820 2023 940 2064 nota
962 2013 1198 2074 additam,
1226 2013 1380 2062 critici
1409 2016 1700 2078 plerumque
1733 2012 1890 2063 existi-

226 2110 482 2150 maverunt
507 2100 841 2165 Pomponium
866 2102 932 2151 ab
955 2100 1065 2165 ipso
1088 2102 1356 2164 archetypo
1382 2100 1699 2151 transtulisse.

294 2195 350 2249 Δ,
378 2190 798 2250 membranaceus,
837 2192 1017 2240 eodem
1053 2192 1153 2239 fere
1189 2198 1411 2252 tempore
1448 2207 1550 2252 quo
1588 2195 1625 2238 Γ
1664 2189 1886 2253 scriptus,

227 2280 360 2327 solus
392 2278 616 2327 omnium
651 2278 736 2341 qui
769 2295 903 2326 nunc
934 2287 1124 2327 exstant
1162 2277 1392 2326 codicum
1426 2276 1516 2325 tria
1547 2277 1708 2326 Taciti
1740 2294 1889 2340 opera

228 2365 417 2415 minora
474 2365 707 2425 continet,
758 2365 939 2428 quibus
998 2364 1221 2414 Suetonii
1282 2368 1630 2427 Fragmentum
1688 2374 1737 2414 et
1794 2365 1889 2413 alia

227 2455 471 2516 quaedam
519 2454 758 2516 opuscula
804 2452 997 2502 adiecta
1049 2462 1174 2502 sunt.
1274 2453 1427 2513 Quod
1484 2454 1549 2501 ad
1607 2452 1887 2515 Agricolam

226 2541 413 2601 attinet,
463 2558 522 2589 ex
570 2543 749 2591 eodem
796 2542 1077 2603 archetypo,
1121 2558 1222 2604 quo
1271 2546 1322 2599 Γ,
1375 2539 1649 2604 descriptus
1696 2540 1889 2589 videtur

229 2627 421 2693 (utpote
458 2627 544 2692 qui
581 2628 633 2677 in
671 2627 1054 2692 corruptioribus
1087 2627 1208 2677 locis
1245 2629 1455 2677 eandem
1488 2630 1588 2678 fere
1623 2627 1887 2678 lectionem

283 2787 295 2810 ¹
327 2788 582 2839 Nuperrime
613 2787 799 2828 innotuit
831 2787 1026 2839 (Hermes
1052 2787 1187 2837 xxxii,
1223 2788 1341 2838 1897,
1371 2801 1412 2838 p.
1434 2800 1501 2838 59,
1527 2801 1567 2827 n.
1596 2787 1637 2840 1)
1670 2787 1713 2825 in
1743 2787 1889 2827 codice

228 2853 410 2901 quodam
436 2853 518 2892 circ.
544 2865 586 2892 Α.
603 2865 644 2892 1).
682 2854 926 2902 1468—1470
955 2852 1114 2902 scripto
1145 2857 1188 2892 et
1217 2864 1329 2892 nunc
1358 2852 1495 2891 Toleti
1525 2852 1638 2902 apud
1669 2851 1889 2902 Hispanos

230 2917 464 2964 adservato,
505 2931 591 2957 non
630 2917 768 2957 solum
807 2917 1074 2956 Germaniam
1114 2917 1190 2956 sed
1230 2917 1357 2956 etiam
1388 2916 1632 2967 Agricolam
1666 2916 1887 2955 contineri.

220 2981 316 3021 *Sed
339 2982 533 3021 conferre
554 2983 760 3023 lectiones
781 2984 874 3022 eius
894 2983 1052 3022 nemini
1073 2982 1209 3021 adhuc
1231 2982 1480 3032 permissum
1501 2987 1582 3022 est.
