2132 3464
892 186 1277 235 GERMANIA

251 342 350 391 que
375 344 400 372 a:
428 345 453 372 ,ιι
475 344 490 389 ;
549 343 685 377 aram
738 325 859 390 quin
916 324 1064 376 etiam
1122 324 1258 376 Ulixi
1315 334 1665 386 consecratam,
1718 326 1914 377 adiecto

254 408 460 458 Laertae
493 407 641 473 patris
677 406 893 468 nomine,
931 409 1110 456 eodem
1144 408 1258 456 loco
1289 406 1409 456 olim
1447 415 1703 471 repertam,
1741 424 1913 456 monu-

252 497 518 553 mentaque
542 498 590 538 et
614 490 830 539 tumulos
854 490 1098 552 quosdam
1132 487 1332 538 Graecis
1365 487 1534 538 litteris
1570 487 1828 552 inscriptos
1860 488 1910 537 in

252 569 470 620 confinio
495 569 787 620 Germaniae
814 569 1117 634 Raetiaeque
1139 571 1305 620 adhuc
1336 579 1510 620 extare.
1584 587 1711 634 quae
1748 587 1911 634 neque
1939 593 1965 631 4

201 669 224 710 5
252 651 542 700 confirmare
587 650 885 715 argumentis
932 667 1095 715 neque
1141 652 1359 701 refellere
1397 650 1447 700 in
1487 650 1656 701 animo
1697 659 1802 700 est:
1853 668 1912 700 ex

249 730 448 796 ingenio
471 749 562 782 suo
586 732 795 797 quisque
818 735 986 783 demat
1008 734 1086 782 vel
1109 734 1261 783 addat
1283 734 1448 783 fidem.

183 876 186 880 .
317 815 433 878 Ipse
470 831 641 864 eorum
678 814 995 879 opinionibus
1031 817 1233 875 accede,
1259 814 1346 879 qui
1378 813 1673 866 Germaniae
1696 816 1908 880 populos
1935 823 1968 871 4

248 894 394 944 nullis
417 892 555 963 [aliis]
578 895 782 945 aliarum
805 895 1063 944 nationum
1098 894 1325 945 conubiis
1353 894 1561 946 infectos
1590 895 1836 962 propriam
1860 905 1911 945 et

248 975 488 1025 sinceram
512 985 561 1026 et
585 985 775 1025 tantum
800 976 876 1025 sui
899 976 1109 1035 similem
1133 986 1332 1040 gentem
1356 976 1571 1027 extitisse
1598 977 1905 1028 arbitrantur.

176 1073 227 1103 ιο
247 1058 382 1107 unde
406 1057 602 1108 habitus
626 1075 827 1122 quoque
850 1075 1126 1122 corporum,
1153 1075 1456 1123 quamquam
1492 1058 1543 1107 in
1579 1067 1717 1109 tanto
1752 1059 1908 1109 homi-
1939 1080 1958 1108 2

247 1154 368 1187 num
392 1155 612 1199 numero,
630 1138 764 1189 idem
788 1138 1020 1189 omnibus
1041 1157 1052 1190 ε
1088 1147 1249 1189 truces
1274 1148 1322 1189 et
1342 1138 1551 1191 caerulei
1569 1139 1714 1200 oculi,
1735 1139 1908 1189 rutilae

245 1236 432 1280 comae,
482 1237 661 1285 magna
706 1237 910 1285 corpora
955 1229 1004 1270 et
1050 1229 1242 1270 tantum
1296 1223 1361 1271 ad
1418 1221 1659 1286 impetum
1715 1221 1907 1272 valida:

245 1299 424 1350 laboris
447 1310 596 1365 atque
619 1318 824 1365 operum
848 1318 951 1351 non
974 1304 1150 1352 eadem
1174 1300 1422 1366 patientia,
1449 1302 1751 1367 minimeque
1775 1302 1905 1352 sitim
1939 1317 1961 1356 3

243 1389 535 1445 aestumque
581 1383 800 1442 tolerare,
850 1381 1026 1446 frigora
1070 1391 1220 1447 atque
1266 1382 1483 1434 inediam
1542 1385 1680 1434 caelo
1738 1384 1906 1433 solove

174 1480 222 1522 15
243 1465 584 1514 adsueverunt.
1004 1529 1006 1531 Ι

311 1546 463 1594 Terra
497 1544 588 1594 etsi
622 1544 875 1608 aliquanto
912 1545 1077 1610 specie
1113 1545 1288 1608 differt,
1326 1546 1378 1596 in
1414 1546 1696 1597 universum
1738 1555 1903 1596 tamen
1931 1559 1963 1607 5

242 1635 328 1676 aut
351 1626 482 1676 silvis
506 1626 703 1677 horrida
735 1637 820 1676 aut
855 1628 1118 1691 paludibus
1152 1630 1313 1690 foeda,
1339 1628 1555 1679 umidior
1581 1646 1680 1692 qua
1704 1628 1901 1689 Gallias,

243 1707 492 1758 ventosior
525 1725 625 1773 qua
659 1709 899 1759 Noricum
934 1727 994 1759 ac
1028 1710 1338 1760 Pannoniam
1370 1710 1543 1775 aspicit
1560 1729 1574 1772 3
1610 1710 1724 1760 satis
1756 1711 1901 1770 ferax,

240 1789 575 1854 frugiferarum
630 1791 862 1840 arborum
919 1790 1177 1855 inpatiens,
1237 1809 1472 1857 pecorum
1531 1794 1757 1853 fecunda,
1814 1794 1903 1842 sed

170 1891 220 1920 20
240 1874 531 1937 plerumque
553 1871 821 1937 inprocera.
895 1891 959 1923 ne
982 1874 1215 1924 armentis
1244 1875 1448 1939 quidem
1480 1891 1597 1924 suus
1630 1876 1790 1925 honor
1818 1882 1902 1924 aut
1935 1896 1954 1924 π

240 1953 394 2019 gloria
418 1953 621 2006 frontis:
656 1971 865 2005 numero
887 1958 1118 2019 gaudent,
1146 1974 1332 2021 eaeque
1357 1959 1490 2007 solae
1523 1966 1571 2006 et
1602 1955 1902 2021 gratissimae

239 2053 360 2101 opes
383 2045 511 2088 sunt.
582 2045 839 2101 argentum
863 2046 912 2087 et
934 2055 1107 2088 aurum
1127 2038 1388 2103 propitiine
1406 2056 1469 2088 an
1494 2038 1601 2088 irati
1625 2038 1676 2089 di
1700 2055 1902 2102 negave-
1932 2056 1956 2097 3

239 2117 336 2168 rint
379 2118 568 2170 dubito.
642 2137 735 2170 nec
772 2128 938 2169 tamen
976 2120 1334 2170 adfirmaverim
1382 2122 1567 2170 nullam
1607 2119 1901 2170 Germaniae

238 2217 415 2251 venam
439 2211 696 2267 argentum
720 2220 955 2252 aurumve
979 2202 1204 2266 gignere:
1240 2202 1350 2266 quis
1370 2202 1503 2252 enim
1527 2212 1767 2252 scrutatus
1791 2204 1902 2252 est?

170 2299 214 2340 ²5
238 2282 549 2345 possessione
595 2292 645 2333 et
689 2301 782 2333 usu
822 2285 957 2332 haud
998 2283 1202 2347 perinde
1242 2283 1549 2333 adficiuntur.
1622 2293 1696 2333 est
1735 2283 1901 2334 videre
1927 2298 1955 2337 4

237 2365 371 2428 apud
395 2363 503 2414 illos
527 2374 757 2428 argentea
779 2382 907 2425 vasa,
925 2365 1094 2430 legatis
1120 2375 1168 2415 et
1193 2364 1495 2430 principibus
1515 2382 1685 2415 eorum
1710 2365 1903 2415 muneri

239 2444 366 2506 data,
416 2463 518 2495 non
565 2446 616 2496 in
670 2447 765 2496 alia
809 2447 993 2497 vilitate
1047 2465 1197 2512 quam
1246 2465 1374 2512 quae
1423 2449 1577 2497 humo
1625 2449 1908 2512 finguntur3

238 2540 539 2590 quamquam
558 2527 765 2591 proximi
783 2528 850 2577 ob
874 2543 1019 2577 usum
1045 2528 1454 2578 commerciorum
1481 2545 1654 2577 aurum
1675 2538 1723 2578 et
1741 2542 1906 2592 argen-

237 2615 343 2656 tum
368 2607 418 2656 in
443 2609 600 2673 pretio
631 2610 817 2659 habent
849 2612 1130 2675 formasque
1163 2614 1403 2675 quasdam
1440 2620 1635 2661 nostrae
1664 2610 1904 2674 pecuniae

165 2707 217 2747 30
236 2689 547 2752 adgnoscunt
569 2700 718 2755 atque
742 2691 956 2755 eligunt:
999 2692 1250 2743 interiores
1278 2692 1545 2758 simplicius
1582 2701 1630 2743 et
1654 2691 1902 2756 antiquius

294 2832 312 2858 1
345 2819 539 2860 lacunam
567 2826 715 2862 notant
740 2820 782 2861 B
814 2822 989 2875 (marg.)
1021 2822 1096 2862 H:
1151 2837 1412 2876 ασκιπυργιον
1450 2824 1525 2864 ins.
1565 2823 1692 2863 ACD
1878 2835 1900 2871 7

237 2874 426 2925 opinioni
456 2875 600 2914 Meiser
794 2877 821 2915 8
850 2877 942 2916 aliis
970 2877 1054 2917 secl.
1074 2876 1185 2925 Lips.
1412 2891 1461 2918 10
1518 2884 1730 2928 tamquam
1760 2875 1903 2916 A²CD

241 2940 285 2966 11
319 2929 448 2968 ceruli
469 2929 611 2969 ABH
753 2942 799 2981 15
828 2936 1055 2970 assuerunt
1074 2931 1163 2970 AB
1325 2945 1377 2971 22
1407 2932 1579 2984 propitii
1603 2932 1680 2971 CD
1846 2942 1898 2979 25

204 2996 206 2999 ·
237 2982 414 3032 proinde
435 2983 578 3023 A²CD
