<?xml version="1.0" encoding="UTF-8"?>
<!DOCTYPE html PUBLIC "-//W3C//DTD XHTML 1.0 Transitional//EN"
    "http://www.w3.org/TR/xhtml1/DTD/xhtml1-transitional.dtd">
<html xmlns="http://www.w3.org/1999/xhtml" xml:lang="en" lang="en">
 <head>
  <title>
</title>
<meta http-equiv="Content-Type" content="text/html;charset=utf-8" />
  <meta name='ocr-system' content='tesseract 3.04.00' />
  <meta name='ocr-capabilities' content='ocr_page ocr_carea ocr_par ocr_line ocrx_word'/>
</head>
<body>
  <div class='ocr_page' id='page_1' title='image "./operaminorarecog00taciuoft_0034.png"; bbox 0 0 2138 3470; ppageno 0'>
   <div class='ocr_carea' id='block_1_1' title="bbox 743 185 1369 238">
    <p class='ocr_par' dir='ltr' id='par_1_1' title="bbox 743 185 1369 238">
     <span class='ocr_line' id='line_1_1' title="bbox 743 185 1369 238; baseline -0.002 -1"><span class='ocrx_word' id='word_1_1' title='bbox 743 186 1088 237; x_wconf 91' lang='lat' dir='ltr'>CORNELII</span> <span class='ocrx_word' id='word_1_2' title='bbox 1125 185 1369 238; x_wconf 94' lang='lat' dir='ltr'><strong>TACITI</strong></span> 
     </span>
    </p>
   </div>
   <div class='ocr_carea' id='block_1_2' title="bbox 131 325 1967 2585">
    <p class='ocr_par' dir='ltr' id='par_1_2' title="bbox 227 325 1893 554">
     <span class='ocr_line' id='line_1_2' title="bbox 228 325 1890 391; baseline 0.002 -14"><span class='ocrx_word' id='word_1_3' title='bbox 228 326 378 378; x_wconf 86' lang='lat' dir='ltr'>etiarn</span> <span class='ocrx_word' id='word_1_4' title='bbox 411 327 611 379; x_wconf 86' lang='lat' dir='ltr'><strong>Caesari</strong></span> <span class='ocrx_word' id='word_1_5' title='bbox 642 327 982 388; x_wconf 80' lang='lat' dir='ltr'>abstulerunt3</span> <span class='ocrx_word' id='word_1_6' title='bbox 1019 343 1112 376; x_wconf 89' lang='lat' dir='ltr'>nec</span> <span class='ocrx_word' id='word_1_7' title='bbox 1144 326 1330 391; x_wconf 91' lang='lat' dir='ltr'>inpune</span> <span class='ocrx_word' id='word_1_8' title='bbox 1355 327 1411 378; x_wconf 88' lang='lat' dir='ltr'>C.</span> <span class='ocrx_word' id='word_1_9' title='bbox 1441 326 1630 378; x_wconf 90' lang='lat' dir='ltr'>Marius</span> <span class='ocrx_word' id='word_1_10' title='bbox 1653 326 1705 378; x_wconf 90' lang='lat' dir='ltr'>in</span> <span class='ocrx_word' id='word_1_11' title='bbox 1731 325 1890 391; x_wconf 89' lang='lat' dir='ltr'>Italia,</span> 
     </span>
     <span class='ocr_line' id='line_1_3' title="bbox 227 407 1893 469; baseline 0.001 -11"><span class='ocrx_word' id='word_1_12' title='bbox 227 408 372 459; x_wconf 90' lang='lat' dir='ltr'>divus</span> <span class='ocrx_word' id='word_1_13' title='bbox 409 409 566 458; x_wconf 92' lang='lat' dir='ltr'>Iulius</span> <span class='ocrx_word' id='word_1_14' title='bbox 602 408 654 457; x_wconf 91' lang='lat' dir='ltr'>in</span> <span class='ocrx_word' id='word_1_15' title='bbox 693 407 867 469; x_wconf 88' lang='lat' dir='ltr'>Gallia,</span> <span class='ocrx_word' id='word_1_16' title='bbox 901 411 1093 459; x_wconf 90' lang='lat' dir='ltr'>Drusus</span> <span class='ocrx_word' id='word_1_17' title='bbox 1130 424 1189 458; x_wconf 88' lang='lat' dir='ltr'>ac</span> <span class='ocrx_word' id='word_1_18' title='bbox 1226 409 1363 459; x_wconf 88' lang='lat' dir='ltr'>Nero</span> <span class='ocrx_word' id='word_1_19' title='bbox 1397 416 1447 459; x_wconf 88' lang='lat' dir='ltr'>et</span> <span class='ocrx_word' id='word_1_20' title='bbox 1478 410 1805 460; x_wconf 88' lang='lat' dir='ltr'>Germanicus</span> <span class='ocrx_word' id='word_1_21' title='bbox 1839 409 1893 460; x_wconf 93' lang='lat' dir='ltr'>in</span> 
     </span>
     <span class='ocr_line' id='line_1_4' title="bbox 228 489 1893 554; baseline 0.001 -14"><span class='ocrx_word' id='word_1_22' title='bbox 228 490 329 540; x_wconf 81' lang='lat' dir='ltr'>Suis</span> <span class='ocrx_word' id='word_1_23' title='bbox 365 507 452 541; x_wconf 89' lang='lat' dir='ltr'>eos</span> <span class='ocrx_word' id='word_1_24' title='bbox 488 489 691 541; x_wconf 89' lang='lat' dir='ltr'>sedibus</span> <span class='ocrx_word' id='word_1_25' title='bbox 726 491 1072 554; x_wconf 86' lang='lat' dir='ltr'>perculerunt:</span> <span class='ocrx_word' id='word_1_26' title='bbox 1126 507 1242 540; x_wconf 90' lang='lat' dir='ltr'>mox</span> <span class='ocrx_word' id='word_1_27' title='bbox 1273 489 1501 554; x_wconf 84' lang='lat' dir='ltr'>ingentes</span> <span class='ocrx_word' id='word_1_28' title='bbox 1535 490 1631 541; x_wconf 86' lang='lat' dir='ltr'>Gai</span> <span class='ocrx_word' id='word_1_29' title='bbox 1667 490 1893 542; x_wconf 84' lang='lat' dir='ltr'>Caesaris</span> 
     </span>
    </p>

    <p class='ocr_par' dir='ltr' id='par_1_3' title="bbox 177 569 1940 945">
     <span class='ocr_line' id='line_1_5' title="bbox 177 569 1894 632; baseline 0.001 -10"><span class='ocrx_word' id='word_1_30' title='bbox 177 580 203 622; x_wconf 94' lang='lat'><strong>6</strong></span> <span class='ocrx_word' id='word_1_31' title='bbox 228 571 393 621; x_wconf 86' lang='lat' dir='ltr'>minae</span> <span class='ocrx_word' id='word_1_32' title='bbox 427 571 480 620; x_wconf 92' lang='lat' dir='ltr'>in</span> <span class='ocrx_word' id='word_1_33' title='bbox 515 570 784 621; x_wconf 89' lang='lat' dir='ltr'><strong>ludibrium</strong></span> <span class='ocrx_word' id='word_1_34' title='bbox 819 587 1000 621; x_wconf 90' lang='lat' dir='ltr'>versae.</span> <span class='ocrx_word' id='word_1_35' title='bbox 1072 569 1192 621; x_wconf 88' lang='lat' dir='ltr'>inde</span> <span class='ocrx_word' id='word_1_36' title='bbox 1227 570 1399 632; x_wconf 89' lang='lat' dir='ltr'>otium,</span> <span class='ocrx_word' id='word_1_37' title='bbox 1425 573 1589 622; x_wconf 91' lang='lat' dir='ltr'>donec</span> <span class='ocrx_word' id='word_1_38' title='bbox 1629 571 1894 623; x_wconf 80' lang='lat' dir='ltr'>occasione</span> 
     </span>
     <span class='ocr_line' id='line_1_6' title="bbox 228 650 1940 718; baseline 0.001 -16"><span class='ocrx_word' id='word_1_39' title='bbox 228 652 506 703; x_wconf 88' lang='lat' dir='ltr'>discordiae</span> <span class='ocrx_word' id='word_1_40' title='bbox 546 660 744 702; x_wconf 89' lang='lat' dir='ltr'>nostrae</span> <span class='ocrx_word' id='word_1_41' title='bbox 784 659 834 702; x_wconf 91' lang='lat' dir='ltr'>et</span> <span class='ocrx_word' id='word_1_42' title='bbox 869 650 1087 701; x_wconf 87' lang='lat' dir='ltr'>civilium</span> <span class='ocrx_word' id='word_1_43' title='bbox 1125 667 1374 701; x_wconf 90' lang='lat' dir='ltr'>armorum</span> <span class='ocrx_word' id='word_1_44' title='bbox 1420 651 1710 716; x_wconf 88' lang='lat' dir='ltr'>expugnatis</span> <span class='ocrx_word' id='word_1_45' title='bbox 1747 652 1895 718; x_wconf 84' lang='lat' dir='ltr'>legio·</span> <span class='ocrx_word' id='word_1_46' title='bbox 1916 670 1940 711; x_wconf 87' lang='lat'><strong>5</strong></span> 
     </span>
     <span class='ocr_line' id='line_1_7' title="bbox 229 732 1895 794; baseline 0.001 -12"><span class='ocrx_word' id='word_1_47' title='bbox 229 750 350 783; x_wconf 92' lang='lat' dir='ltr'>num</span> <span class='ocrx_word' id='word_1_48' title='bbox 396 732 616 783; x_wconf 90' lang='lat' dir='ltr'>hibernis</span> <span class='ocrx_word' id='word_1_49' title='bbox 654 732 803 782; x_wconf 89' lang='lat' dir='ltr'>etiam</span> <span class='ocrx_word' id='word_1_50' title='bbox 846 732 1031 782; x_wconf 86' lang='lat' dir='ltr'>Gallias</span> <span class='ocrx_word' id='word_1_51' title='bbox 1068 733 1409 794; x_wconf 85' lang='lat' dir='ltr'>adfectavere;</span> <span class='ocrx_word' id='word_1_52' title='bbox 1459 749 1519 782; x_wconf 89' lang='lat' dir='ltr'>ac</span> <span class='ocrx_word' id='word_1_53' title='bbox 1565 748 1729 784; x_wconf 90' lang='lat' dir='ltr'>rursus</span> <span class='ocrx_word' id='word_1_54' title='bbox 1775 733 1895 784; x_wconf 89' lang='lat' dir='ltr'>inde</span> 
     </span>
     <span class='ocr_line' id='line_1_8' title="bbox 226 813 1894 879; baseline 0 -15"><span class='ocrx_word' id='word_1_55' title='bbox 226 814 356 879; x_wconf 90' lang='lat' dir='ltr'>pulsi</span> <span class='ocrx_word' id='word_1_56' title='bbox 402 813 636 879; x_wconf 87' lang='lat' dir='ltr'>proximis</span> <span class='ocrx_word' id='word_1_57' title='bbox 684 814 991 878; x_wconf 87' lang='lat' dir='ltr'>temporibus</span> <span class='ocrx_word' id='word_1_58' title='bbox 1038 813 1326 878; x_wconf 89' lang='lat' dir='ltr'>triumphati</span> <span class='ocrx_word' id='word_1_59' title='bbox 1377 813 1532 878; x_wconf 89' lang='lat' dir='ltr'>magis</span> <span class='ocrx_word' id='word_1_60' title='bbox 1579 829 1732 878; x_wconf 90' lang='lat' dir='ltr'>quam</span> <span class='ocrx_word' id='word_1_61' title='bbox 1777 813 1894 864; x_wconf 92' lang='lat' dir='ltr'>victi</span> 
     </span>
     <span class='ocr_line' id='line_1_9' title="bbox 227 905 1730 945; baseline -0.001 0"><span class='ocrx_word' id='word_1_62' title='bbox 227 905 354 945; x_wconf 90' lang='lat' dir='ltr'>sunt.</span> <span class='ocrx_word' id='word_1_63' title='bbox 1630 912 1631 915; x_wconf 46' lang='lat'>¹</span> <span class='ocrx_word' id='word_1_64' title='bbox 1680 916 1682 918; x_wconf 57' lang='grc'>’</span> <span class='ocrx_word' id='word_1_65' title='bbox 1728 912 1730 914; x_wconf 68' lang='grc'>’</span> 
     </span>
    </p>

    <p class='ocr_par' dir='ltr' id='par_1_4' title="bbox 135 975 1967 1204">
     <span class='ocr_line' id='line_1_10' title="bbox 135 975 1892 1041; baseline 0 -14"><span class='ocrx_word' id='word_1_66' title='bbox 135 981 201 1041; x_wconf 87' lang='lat'>38</span> <span class='ocrx_word' id='word_1_67' title='bbox 295 979 444 1027; x_wconf 93' lang='lat' dir='ltr'>Nunc</span> <span class='ocrx_word' id='word_1_68' title='bbox 491 978 556 1027; x_wconf 92' lang='lat' dir='ltr'>de</span> <span class='ocrx_word' id='word_1_69' title='bbox 603 976 780 1027; x_wconf 90' lang='lat' dir='ltr'>Suebis</span> <span class='ocrx_word' id='word_1_70' title='bbox 827 976 1098 1027; x_wconf 89' lang='lat' dir='ltr'>dicendum</span> <span class='ocrx_word' id='word_1_71' title='bbox 1146 985 1234 1038; x_wconf 89' lang='lat' dir='ltr'>est,</span> <span class='ocrx_word' id='word_1_72' title='bbox 1274 992 1488 1041; x_wconf 87' lang='lat' dir='ltr'>quorum</span> <span class='ocrx_word' id='word_1_73' title='bbox 1529 992 1633 1028; x_wconf 92' lang='lat' dir='ltr'>non</span> <span class='ocrx_word' id='word_1_74' title='bbox 1680 975 1793 1038; x_wconf 89' lang='lat' dir='ltr'>una,</span> <span class='ocrx_word' id='word_1_75' title='bbox 1836 986 1892 1027; x_wconf 91' lang='lat' dir='ltr'>ut</span> 
     </span>
     <span class='ocr_line' id='line_1_11' title="bbox 226 1057 1967 1122; baseline -0.001 -14"><span class='ocrx_word' id='word_1_76' title='bbox 226 1060 521 1110; x_wconf 90' lang='lat' dir='ltr'>Chattorum</span> <span class='ocrx_word' id='word_1_77' title='bbox 540 1060 961 1108; x_wconf 88' lang='lat' dir='ltr'>Tencterorumve</span> <span class='ocrx_word' id='word_1_78' title='bbox 984 1075 1104 1122; x_wconf 89' lang='lat' dir='ltr'>gens</span> <span class='ocrx_word' id='word_1_79' title='bbox 1123 1076 1137 1120; x_wconf 82' lang='lat'><em>3</em></span> <span class='ocrx_word' id='word_1_80' title='bbox 1171 1057 1409 1108; x_wconf 89' lang='lat' dir='ltr'>maiorem</span> <span class='ocrx_word' id='word_1_81' title='bbox 1435 1057 1568 1108; x_wconf 90' lang='lat' dir='ltr'>enim</span> <span class='ocrx_word' id='word_1_82' title='bbox 1594 1057 1892 1108; x_wconf 85' lang='lat' dir='ltr'>Germaniae</span> <span class='ocrx_word' id='word_1_83' title='bbox 1915 1073 1967 1104; x_wconf 78' lang='grc' dir='ltr'>ιο</span> 
     </span>
     <span class='ocr_line' id='line_1_12' title="bbox 223 1138 1892 1204; baseline -0.001 -15"><span class='ocrx_word' id='word_1_84' title='bbox 223 1149 413 1203; x_wconf 90' lang='lat' dir='ltr'>partem</span> <span class='ocrx_word' id='word_1_85' title='bbox 455 1139 696 1200; x_wconf 86' lang='lat' dir='ltr'>obtinent,</span> <span class='ocrx_word' id='word_1_86' title='bbox 735 1139 943 1204; x_wconf 90' lang='lat' dir='ltr'>propriis</span> <span class='ocrx_word' id='word_1_87' title='bbox 980 1141 1146 1189; x_wconf 89' lang='lat' dir='ltr'>adhuc</span> <span class='ocrx_word' id='word_1_88' title='bbox 1184 1139 1469 1190; x_wconf 89' lang='lat' dir='ltr'>nationibus</span> <span class='ocrx_word' id='word_1_89' title='bbox 1504 1138 1892 1202; x_wconf 89' lang='lat' dir='ltr'>nominibusque</span> 
     </span>
    </p>

    <p class='ocr_par' dir='ltr' id='par_1_5' title="bbox 178 1218 1963 1610">
     <span class='ocr_line' id='line_1_13' title="bbox 178 1218 1893 1285; baseline 0.001 -17"><span class='ocrx_word' id='word_1_90' title='bbox 178 1240 198 1268; x_wconf 88' lang='lat'>2</span> <span class='ocrx_word' id='word_1_91' title='bbox 223 1220 435 1282; x_wconf 89' lang='lat' dir='ltr'>discreti,</span> <span class='ocrx_word' id='word_1_92' title='bbox 463 1237 766 1285; x_wconf 90' lang='lat' dir='ltr'>quamquam</span> <span class='ocrx_word' id='word_1_93' title='bbox 798 1220 850 1270; x_wconf 92' lang='lat' dir='ltr'>in</span> <span class='ocrx_word' id='word_1_94' title='bbox 891 1237 1160 1270; x_wconf 91' lang='lat' dir='ltr'>commune</span> <span class='ocrx_word' id='word_1_95' title='bbox 1195 1220 1347 1270; x_wconf 91' lang='lat' dir='ltr'>Suebi</span> <span class='ocrx_word' id='word_1_96' title='bbox 1377 1229 1626 1270; x_wconf 91' lang='lat' dir='ltr'>vocentur.</span> <span class='ocrx_word' id='word_1_97' title='bbox 1699 1218 1893 1283; x_wconf 89' lang='lat' dir='ltr'>insigne</span> 
     </span>
     <span class='ocr_line' id='line_1_14' title="bbox 222 1299 1894 1366; baseline -0.001 -15"><span class='ocrx_word' id='word_1_98' title='bbox 222 1302 382 1366; x_wconf 90' lang='lat' dir='ltr'>gentis</span> <span class='ocrx_word' id='word_1_99' title='bbox 406 1301 662 1365; x_wconf 88' lang='lat' dir='ltr'>obliquare</span> <span class='ocrx_word' id='word_1_100' title='bbox 692 1301 879 1352; x_wconf 91' lang='lat' dir='ltr'>crinem</span> <span class='ocrx_word' id='word_1_101' title='bbox 914 1302 1151 1366; x_wconf 89' lang='lat' dir='ltr'>nodoque</span> <span class='ocrx_word' id='word_1_102' title='bbox 1184 1301 1543 1365; x_wconf 87' lang='lat' dir='ltr'>substringere:</span> <span class='ocrx_word' id='word_1_103' title='bbox 1580 1300 1651 1351; x_wconf 91' lang='lat' dir='ltr'>sic</span> <span class='ocrx_word' id='word_1_104' title='bbox 1675 1299 1828 1351; x_wconf 91' lang='lat' dir='ltr'>Suebi</span> <span class='ocrx_word' id='word_1_105' title='bbox 1862 1317 1894 1350; x_wconf 88' lang='lat' dir='ltr'>a</span> 
     </span>
     <span class='ocr_line' id='line_1_15' title="bbox 223 1381 1892 1447; baseline 0 -15"><span class='ocrx_word' id='word_1_106' title='bbox 223 1381 398 1432; x_wconf 89' lang='lat' dir='ltr'>ceteris</span> <span class='ocrx_word' id='word_1_107' title='bbox 424 1381 698 1443; x_wconf 88' lang='lat' dir='ltr'>Germanis,</span> <span class='ocrx_word' id='word_1_108' title='bbox 727 1382 798 1432; x_wconf 92' lang='lat' dir='ltr'>sic</span> <span class='ocrx_word' id='word_1_109' title='bbox 823 1383 1102 1433; x_wconf 90' lang='lat' dir='ltr'>Sueborum</span> <span class='ocrx_word' id='word_1_110' title='bbox 1121 1381 1323 1447; x_wconf 90' lang='lat' dir='ltr'>ingenui</span> <span class='ocrx_word' id='word_1_111' title='bbox 1346 1399 1377 1432; x_wconf 92' lang='lat' dir='ltr'>a</span> <span class='ocrx_word' id='word_1_112' title='bbox 1401 1382 1550 1433; x_wconf 90' lang='lat' dir='ltr'>servis</span> <span class='ocrx_word' id='word_1_113' title='bbox 1574 1391 1862 1447; x_wconf 89' lang='lat' dir='ltr'>separantur</span> <span class='ocrx_word' id='word_1_114' title='bbox 1877 1399 1892 1443; x_wconf 79' lang='lat'>3</span> 
     </span>
     <span class='ocr_line' id='line_1_16' title="bbox 222 1462 1963 1528; baseline -0.001 -16"><span class='ocrx_word' id='word_1_115' title='bbox 222 1463 274 1512; x_wconf 90' lang='lat' dir='ltr'>in</span> <span class='ocrx_word' id='word_1_116' title='bbox 298 1462 405 1513; x_wconf 89' lang='lat' dir='ltr'>aliis</span> <span class='ocrx_word' id='word_1_117' title='bbox 428 1462 658 1527; x_wconf 89' lang='lat' dir='ltr'>gentibus</span> <span class='ocrx_word' id='word_1_118' title='bbox 691 1481 778 1513; x_wconf 90' lang='lat' dir='ltr'>seu</span> <span class='ocrx_word' id='word_1_119' title='bbox 811 1463 1108 1528; x_wconf 90' lang='lat' dir='ltr'>cognatione</span> <span class='ocrx_word' id='word_1_120' title='bbox 1131 1463 1298 1528; x_wconf 85' lang='lat' dir='ltr'>aliqua</span> <span class='ocrx_word' id='word_1_121' title='bbox 1321 1463 1599 1514; x_wconf 89' lang='lat' dir='ltr'>Sueborum</span> <span class='ocrx_word' id='word_1_122' title='bbox 1623 1479 1725 1524; x_wconf 86' lang='lat' dir='ltr'>seu,</span> <span class='ocrx_word' id='word_1_123' title='bbox 1751 1463 1890 1528; x_wconf 91' lang='lat' dir='ltr'>quod</span> <span class='ocrx_word' id='word_1_124' title='bbox 1915 1478 1963 1523; x_wconf 85' lang='lat'>¹5</span> 
     </span>
     <span class='ocr_line' id='line_1_17' title="bbox 224 1543 1888 1610; baseline 0 -16"><span class='ocrx_word' id='word_1_125' title='bbox 224 1561 371 1609; x_wconf 88' lang='lat' dir='ltr'>saepe</span> <span class='ocrx_word' id='word_1_126' title='bbox 395 1544 589 1606; x_wconf 91' lang='lat' dir='ltr'>accidit,</span> <span class='ocrx_word' id='word_1_127' title='bbox 616 1544 905 1606; x_wconf 89' lang='lat' dir='ltr'>imitatione,</span> <span class='ocrx_word' id='word_1_128' title='bbox 933 1561 1096 1595; x_wconf 91' lang='lat' dir='ltr'>rarum</span> <span class='ocrx_word' id='word_1_129' title='bbox 1134 1554 1183 1595; x_wconf 91' lang='lat' dir='ltr'>et</span> <span class='ocrx_word' id='word_1_130' title='bbox 1219 1544 1347 1595; x_wconf 91' lang='lat' dir='ltr'>intra</span> <span class='ocrx_word' id='word_1_131' title='bbox 1380 1545 1610 1596; x_wconf 88' lang='lat' dir='ltr'>iuventae</span> <span class='ocrx_word' id='word_1_132' title='bbox 1644 1543 1888 1610; x_wconf 87' lang='lat' dir='ltr'>spatium:</span> 
     </span>
    </p>

    <p class='ocr_par' dir='ltr' id='par_1_6' title="bbox 175 1626 1890 1773">
     <span class='ocr_line' id='line_1_18' title="bbox 175 1626 1890 1691; baseline -0.001 -15"><span class='ocrx_word' id='word_1_133' title='bbox 175 1647 199 1688; x_wconf 83' lang='lat'>3</span> <span class='ocrx_word' id='word_1_134' title='bbox 223 1628 359 1691; x_wconf 89' lang='lat' dir='ltr'>apud</span> <span class='ocrx_word' id='word_1_135' title='bbox 384 1627 575 1676; x_wconf 92' lang='lat' dir='ltr'>Suebos</span> <span class='ocrx_word' id='word_1_136' title='bbox 601 1643 759 1690; x_wconf 90' lang='lat' dir='ltr'>usque</span> <span class='ocrx_word' id='word_1_137' title='bbox 790 1627 857 1676; x_wconf 94' lang='lat' dir='ltr'>ad</span> <span class='ocrx_word' id='word_1_138' title='bbox 891 1626 1122 1677; x_wconf 89' lang='lat' dir='ltr'>canitiem</span> <span class='ocrx_word' id='word_1_139' title='bbox 1149 1628 1432 1677; x_wconf 90' lang='lat' dir='ltr'>horrentem</span> <span class='ocrx_word' id='word_1_140' title='bbox 1457 1626 1690 1691; x_wconf 90' lang='lat' dir='ltr'>capillum</span> <span class='ocrx_word' id='word_1_141' title='bbox 1715 1629 1890 1678; x_wconf 81' lang='lat' dir='ltr'>†retro</span> 
     </span>
     <span class='ocr_line' id='line_1_19' title="bbox 223 1699 1889 1773; baseline -0.001 -15"><span class='ocrx_word' id='word_1_142' title='bbox 223 1699 510 1772; x_wconf 90' lang='lat' dir='ltr'>sequuntur,</span> <span class='ocrx_word' id='word_1_143' title='bbox 547 1723 607 1758; x_wconf 90' lang='lat' dir='ltr'>ac</span> <span class='ocrx_word' id='word_1_144' title='bbox 645 1724 792 1772; x_wconf 91' lang='lat' dir='ltr'>saepe</span> <span class='ocrx_word' id='word_1_145' title='bbox 829 1708 881 1757; x_wconf 92' lang='lat' dir='ltr'>in</span> <span class='ocrx_word' id='word_1_146' title='bbox 919 1707 1029 1772; x_wconf 90' lang='lat' dir='ltr'>ipso</span> <span class='ocrx_word' id='word_1_147' title='bbox 1067 1708 1248 1759; x_wconf 91' lang='lat' dir='ltr'>vertice</span> <span class='ocrx_word' id='word_1_148' title='bbox 1284 1708 1489 1773; x_wconf 88' lang='lat' dir='ltr'>religant</span> <span class='ocrx_word' id='word_1_149' title='bbox 1505 1726 1519 1769; x_wconf 80' lang='lat'><em>3</em></span> <span class='ocrx_word' id='word_1_150' title='bbox 1558 1706 1805 1771; x_wconf 88' lang='lat' dir='ltr'>principes</span> <span class='ocrx_word' id='word_1_151' title='bbox 1839 1714 1889 1757; x_wconf 90' lang='lat' dir='ltr'>et</span> 
     </span>
    </p>

    <p class='ocr_par' dir='ltr' id='par_1_7' title="bbox 171 1787 1963 2014">
     <span class='ocr_line' id='line_1_20' title="bbox 171 1787 1887 1851; baseline -0.002 -10"><span class='ocrx_word' id='word_1_152' title='bbox 171 1805 198 1843; x_wconf 92' lang='lat'>4</span> <span class='ocrx_word' id='word_1_153' title='bbox 224 1787 522 1839; x_wconf 89' lang='lat' dir='ltr'>ornatiorem</span> <span class='ocrx_word' id='word_1_154' title='bbox 563 1788 761 1839; x_wconf 92' lang='lat' dir='ltr'>habent.</span> <span class='ocrx_word' id='word_1_155' title='bbox 835 1805 894 1838; x_wconf 88' lang='lat' dir='ltr'>ea</span> <span class='ocrx_word' id='word_1_156' title='bbox 932 1803 1049 1838; x_wconf 91' lang='lat' dir='ltr'>cura</span> <span class='ocrx_word' id='word_1_157' title='bbox 1087 1791 1287 1850; x_wconf 89' lang='lat' dir='ltr'>formae,</span> <span class='ocrx_word' id='word_1_158' title='bbox 1323 1791 1412 1840; x_wconf 90' lang='lat' dir='ltr'>sed</span> <span class='ocrx_word' id='word_1_159' title='bbox 1446 1787 1646 1839; x_wconf 86' lang='lat' dir='ltr'>innoxia</span> <span class='ocrx_word' id='word_1_160' title='bbox 1662 1806 1678 1850; x_wconf 90' lang='lat'>‚·</span> <span class='ocrx_word' id='word_1_161' title='bbox 1722 1803 1887 1851; x_wconf 88' lang='lat' dir='ltr'>neque</span> 
     </span>
     <span class='ocr_line' id='line_1_21' title="bbox 223 1869 1963 1934; baseline -0.001 -15"><span class='ocrx_word' id='word_1_162' title='bbox 223 1869 357 1919; x_wconf 88' lang='lat' dir='ltr'>enirn</span> <span class='ocrx_word' id='word_1_163' title='bbox 396 1877 450 1920; x_wconf 89' lang='lat' dir='ltr'>ut</span> <span class='ocrx_word' id='word_1_164' title='bbox 486 1879 655 1920; x_wconf 92' lang='lat' dir='ltr'>ament</span> <span class='ocrx_word' id='word_1_165' title='bbox 687 1878 989 1931; x_wconf 89' lang='lat' dir='ltr'>amenturve‚</span> <span class='ocrx_word' id='word_1_166' title='bbox 1017 1869 1067 1919; x_wconf 91' lang='lat' dir='ltr'>in</span> <span class='ocrx_word' id='word_1_167' title='bbox 1092 1869 1404 1920; x_wconf 88' lang='lat' dir='ltr'>altitudinem</span> <span class='ocrx_word' id='word_1_168' title='bbox 1436 1871 1688 1934; x_wconf 90' lang='lat' dir='ltr'>quandam</span> <span class='ocrx_word' id='word_1_169' title='bbox 1712 1876 1762 1919; x_wconf 89' lang='lat' dir='ltr'>et</span> <span class='ocrx_word' id='word_1_170' title='bbox 1796 1876 1888 1919; x_wconf 87' lang='lat' dir='ltr'>ter·</span> <span class='ocrx_word' id='word_1_171' title='bbox 1911 1880 1963 1910; x_wconf 80' lang='lat'>²0</span> 
     </span>
     <span class='ocr_line' id='line_1_22' title="bbox 225 1950 1712 2014; baseline -0.001 -14"><span class='ocrx_word' id='word_1_172' title='bbox 225 1967 385 2001; x_wconf 90' lang='lat' dir='ltr'>rorem</span> <span class='ocrx_word' id='word_1_173' title='bbox 410 1950 589 2001; x_wconf 90' lang='lat' dir='ltr'>adituri</span> <span class='ocrx_word' id='word_1_174' title='bbox 614 1951 744 2000; x_wconf 90' lang='lat' dir='ltr'>bella</span> <span class='ocrx_word' id='word_1_175' title='bbox 768 1950 1015 2014; x_wconf 90' lang='lat' dir='ltr'>comptius</span> <span class='ocrx_word' id='word_1_176' title='bbox 1042 1950 1260 2001; x_wconf 90' lang='lat' dir='ltr'>hostium</span> <span class='ocrx_word' id='word_1_177' title='bbox 1284 1950 1440 2001; x_wconf 90' lang='lat' dir='ltr'>oculis</span> <span class='ocrx_word' id='word_1_178' title='bbox 1465 1958 1712 2001; x_wconf 90' lang='lat' dir='ltr'>ornantur.</span> 
     </span>
    </p>

    <p class='ocr_par' dir='ltr' id='par_1_8' title="bbox 131 2031 1889 2098">
     <span class='ocr_line' id='line_1_23' title="bbox 131 2031 1889 2098; baseline -0.001 -17"><span class='ocrx_word' id='word_1_179' title='bbox 131 2042 202 2092; x_wconf 87' lang='lat'>39</span> <span class='ocrx_word' id='word_1_180' title='bbox 294 2031 667 2083; x_wconf 90' lang='lat' dir='ltr'>Vetustissimos</span> <span class='ocrx_word' id='word_1_181' title='bbox 749 2031 1184 2098; x_wconf 88' lang='lat' dir='ltr'>nobilissimosque</span> <span class='ocrx_word' id='word_1_182' title='bbox 1259 2033 1537 2083; x_wconf 88' lang='lat' dir='ltr'>Sueborum</span> <span class='ocrx_word' id='word_1_183' title='bbox 1609 2032 1889 2082; x_wconf 89' lang='lat' dir='ltr'>Semnones</span> 
     </span>
    </p>

    <p class='ocr_par' dir='ltr' id='par_1_9' title="bbox 176 2113 1962 2423">
     <span class='ocr_line' id='line_1_24' title="bbox 176 2113 1890 2179; baseline -0.002 -14"><span class='ocrx_word' id='word_1_184' title='bbox 176 2137 196 2165; x_wconf 82' lang='lat'>2</span> <span class='ocrx_word' id='word_1_185' title='bbox 225 2124 533 2176; x_wconf 80' lang='lat' dir='ltr'>memorant3</span> <span class='ocrx_word' id='word_1_186' title='bbox 589 2116 714 2165; x_wconf 89' lang='lat' dir='ltr'>fides</span> <span class='ocrx_word' id='word_1_187' title='bbox 775 2114 1079 2178; x_wconf 87' lang='lat' dir='ltr'>antiquitatis</span> <span class='ocrx_word' id='word_1_188' title='bbox 1141 2113 1376 2179; x_wconf 90' lang='lat' dir='ltr'>religione</span> <span class='ocrx_word' id='word_1_189' title='bbox 1436 2115 1666 2164; x_wconf 87' lang='lat' dir='ltr'>firmatur.</span> <span class='ocrx_word' id='word_1_190' title='bbox 1761 2120 1890 2163; x_wconf 87' lang='lat' dir='ltr'>stato</span> 
     </span>
     <span class='ocr_line' id='line_1_25' title="bbox 222 2192 1890 2260; baseline -0.002 -15"><span class='ocrx_word' id='word_1_191' title='bbox 222 2205 446 2260; x_wconf 87' lang='lat' dir='ltr'>tempore</span> <span class='ocrx_word' id='word_1_192' title='bbox 492 2195 544 2245; x_wconf 90' lang='lat' dir='ltr'>in</span> <span class='ocrx_word' id='word_1_193' title='bbox 592 2195 763 2246; x_wconf 89' lang='lat' dir='ltr'>silvam</span> <span class='ocrx_word' id='word_1_194' title='bbox 813 2195 1026 2260; x_wconf 89' lang='lat' dir='ltr'>auguriis</span> <span class='ocrx_word' id='word_1_195' title='bbox 1076 2205 1270 2260; x_wconf 90' lang='lat' dir='ltr'>patrum</span> <span class='ocrx_word' id='word_1_196' title='bbox 1326 2205 1375 2245; x_wconf 87' lang='lat' dir='ltr'>et</span> <span class='ocrx_word' id='word_1_197' title='bbox 1421 2194 1581 2259; x_wconf 90' lang='lat' dir='ltr'>prisca</span> <span class='ocrx_word' id='word_1_198' title='bbox 1625 2192 1890 2245; x_wconf 85' lang='lat' dir='ltr'>formidine</span> 
     </span>
     <span class='ocr_line' id='line_1_26' title="bbox 222 2275 1962 2341; baseline -0.002 -14"><span class='ocrx_word' id='word_1_199' title='bbox 222 2294 410 2327; x_wconf 89' lang='lat' dir='ltr'>sacram</span> <span class='ocrx_word' id='word_1_200' title='bbox 435 2293 610 2328; x_wconf 89' lang='lat' dir='ltr'>omnes</span> <span class='ocrx_word' id='word_1_201' title='bbox 636 2277 858 2328; x_wconf 90' lang='lat' dir='ltr'>eiusdem</span> <span class='ocrx_word' id='word_1_202' title='bbox 887 2276 1137 2341; x_wconf 86' lang='lat' dir='ltr'>sanguinis</span> <span class='ocrx_word' id='word_1_203' title='bbox 1163 2276 1335 2341; x_wconf 91' lang='lat' dir='ltr'>populi</span> <span class='ocrx_word' id='word_1_204' title='bbox 1354 2275 1681 2341; x_wconf 86' lang='lat' dir='ltr'>legationibus</span> <span class='ocrx_word' id='word_1_205' title='bbox 1705 2282 1888 2325; x_wconf 88' lang='lat' dir='ltr'>coeunt</span> <span class='ocrx_word' id='word_1_206' title='bbox 1913 2287 1962 2329; x_wconf 86' lang='lat'>25</span> 
     </span>
     <span class='ocr_line' id='line_1_27' title="bbox 221 2355 1888 2423; baseline -0.002 -15"><span class='ocrx_word' id='word_1_207' title='bbox 221 2374 467 2422; x_wconf 88' lang='lat' dir='ltr'>caesoque</span> <span class='ocrx_word' id='word_1_208' title='bbox 506 2356 705 2423; x_wconf 78' lang='lat' dir='ltr'>publice</span> <span class='ocrx_word' id='word_1_209' title='bbox 745 2357 948 2408; x_wconf 87' lang='lat' dir='ltr'>homine</span> <span class='ocrx_word' id='word_1_210' title='bbox 989 2359 1239 2409; x_wconf 88' lang='lat' dir='ltr'>celebrant</span> <span class='ocrx_word' id='word_1_211' title='bbox 1274 2357 1466 2407; x_wconf 90' lang='lat' dir='ltr'>barbari</span> <span class='ocrx_word' id='word_1_212' title='bbox 1497 2356 1616 2406; x_wconf 89' lang='lat' dir='ltr'>ritus</span> <span class='ocrx_word' id='word_1_213' title='bbox 1642 2355 1888 2406; x_wconf 89' lang='lat' dir='ltr'>horrenda</span> 
     </span>
    </p>

    <p class='ocr_par' dir='ltr' id='par_1_10' title="bbox 173 2436 1887 2585">
     <span class='ocr_line' id='line_1_28' title="bbox 173 2436 1887 2503; baseline -0.001 -15"><span class='ocrx_word' id='word_1_214' title='bbox 173 2456 196 2496; x_wconf 83' lang='lat'>3</span> <span class='ocrx_word' id='word_1_215' title='bbox 222 2439 499 2503; x_wconf 88' lang='lat' dir='ltr'>primordia.</span> <span class='ocrx_word' id='word_1_216' title='bbox 574 2449 647 2489; x_wconf 92' lang='lat' dir='ltr'>est</span> <span class='ocrx_word' id='word_1_217' title='bbox 686 2448 735 2489; x_wconf 89' lang='lat' dir='ltr'>et</span> <span class='ocrx_word' id='word_1_218' title='bbox 771 2439 867 2489; x_wconf 89' lang='lat' dir='ltr'>alia</span> <span class='ocrx_word' id='word_1_219' title='bbox 905 2441 1019 2489; x_wconf 93' lang='lat' dir='ltr'>luco</span> <span class='ocrx_word' id='word_1_220' title='bbox 1054 2438 1352 2489; x_wconf 87' lang='lat' dir='ltr'>reverentia:</span> <span class='ocrx_word' id='word_1_221' title='bbox 1391 2454 1542 2488; x_wconf 90' lang='lat' dir='ltr'>nemo</span> <span class='ocrx_word' id='word_1_222' title='bbox 1570 2436 1665 2487; x_wconf 91' lang='lat' dir='ltr'>nisi</span> <span class='ocrx_word' id='word_1_223' title='bbox 1688 2436 1887 2487; x_wconf 89' lang='lat' dir='ltr'>vinculo</span> 
     </span>
     <span class='ocr_line' id='line_1_29' title="bbox 222 2517 1887 2585; baseline -0.002 -15"><span class='ocrx_word' id='word_1_224' title='bbox 222 2521 396 2585; x_wconf 89' lang='lat' dir='ltr'>ligatus</span> <span class='ocrx_word' id='word_1_225' title='bbox 420 2521 702 2585; x_wconf 88' lang='lat' dir='ltr'>ingreditur,</span> <span class='ocrx_word' id='word_1_226' title='bbox 731 2530 785 2572; x_wconf 94' lang='lat' dir='ltr'>ut</span> <span class='ocrx_word' id='word_1_227' title='bbox 823 2520 984 2572; x_wconf 87' lang='lat' dir='ltr'>minor</span> <span class='ocrx_word' id='word_1_228' title='bbox 1023 2529 1071 2571; x_wconf 87' lang='lat' dir='ltr'>et</span> <span class='ocrx_word' id='word_1_229' title='bbox 1109 2529 1406 2585; x_wconf 88' lang='lat' dir='ltr'>potestatem</span> <span class='ocrx_word' id='word_1_230' title='bbox 1439 2517 1657 2570; x_wconf 87' lang='lat' dir='ltr'>numinis</span> <span class='ocrx_word' id='word_1_231' title='bbox 1686 2534 1804 2583; x_wconf 89' lang='lat' dir='ltr'>prae</span> <span class='ocrx_word' id='word_1_232' title='bbox 1831 2533 1887 2568; x_wconf 86' lang='lat' dir='ltr'>se</span> 
     </span>
    </p>
   </div>
   <div class='ocr_carea' id='block_1_3' title="bbox 219 2643 1887 2756">
    <p class='ocr_par' dir='ltr' id='par_1_11' title="bbox 219 2643 1887 2756">
     <span class='ocr_line' id='line_1_30' title="bbox 273 2643 1887 2704; baseline 0 -16"><span class='ocrx_word' id='word_1_233' title='bbox 273 2650 300 2688; x_wconf 93' lang='lat'><strong>6</strong></span> <span class='ocrx_word' id='word_1_234' title='bbox 328 2662 377 2690; x_wconf 91' lang='lat' dir='ltr'>ac</span> <span class='ocrx_word' id='word_1_235' title='bbox 408 2662 554 2691; x_wconf 81' lang='lat' dir='ltr'>rursus</span> <span class='ocrx_word' id='word_1_236' title='bbox 587 2650 696 2701; x_wconf 89' lang='lat' dir='ltr'>pulsi</span> <span class='ocrx_word' id='word_1_237' title='bbox 733 2651 831 2691; x_wconf 90' lang='lat' dir='ltr'>inde</span> <span class='ocrx_word' id='word_1_238' title='bbox 867 2653 982 2702; x_wconf 89' lang='lat' dir='ltr'>(nam</span> <span class='ocrx_word' id='word_1_239' title='bbox 1013 2650 1132 2704; x_wconf 80' lang='lat' dir='ltr'>A²c)</span> <span class='ocrx_word' id='word_1_240' title='bbox 1166 2650 1373 2703; x_wconf 86' lang='lat' dir='ltr'>proximis</span> <span class='ocrx_word' id='word_1_241' title='bbox 1406 2643 1516 2690; x_wconf 80' lang='lat' dir='ltr'>AC:</span> <span class='ocrx_word' id='word_1_242' title='bbox 1562 2657 1611 2689; x_wconf 86' lang='lat' dir='ltr'>ac</span> <span class='ocrx_word' id='word_1_243' title='bbox 1641 2653 1685 2689; x_wconf 87' lang='lat' dir='ltr'>et</span> <span class='ocrx_word' id='word_1_244' title='bbox 1719 2644 1887 2700; x_wconf 86' lang='lat' dir='ltr'>expulsi</span> 
     </span>
     <span class='ocr_line' id='line_1_31' title="bbox 219 2702 1681 2756; baseline -0.001 -12"><span class='ocrx_word' id='word_1_245' title='bbox 219 2716 364 2744; x_wconf 86' lang='lat' dir='ltr'>rursus</span> <span class='ocrx_word' id='word_1_246' title='bbox 384 2705 483 2744; x_wconf 90' lang='lat' dir='ltr'>inde</span> <span class='ocrx_word' id='word_1_247' title='bbox 505 2706 712 2755; x_wconf 86' lang='lat' dir='ltr'>proximis</span> <span class='ocrx_word' id='word_1_248' title='bbox 735 2706 779 2744; x_wconf 92' lang='lat' dir='ltr'><em>D</em></span> <span class='ocrx_word' id='word_1_249' title='bbox 798 2721 807 2747; x_wconf 92' lang='lat'><strong>:</strong></span> <span class='ocrx_word' id='word_1_250' title='bbox 837 2719 887 2746; x_wconf 88' lang='lat' dir='ltr'>ac</span> <span class='ocrx_word' id='word_1_251' title='bbox 918 2718 1063 2747; x_wconf 85' lang='lat' dir='ltr'>rursus</span> <span class='ocrx_word' id='word_1_252' title='bbox 1086 2705 1185 2746; x_wconf 89' lang='lat' dir='ltr'>inde</span> <span class='ocrx_word' id='word_1_253' title='bbox 1213 2704 1324 2756; x_wconf 87' lang='lat' dir='ltr'>pulsi</span> <span class='ocrx_word' id='word_1_254' title='bbox 1345 2704 1389 2745; x_wconf 91' lang='lat' dir='ltr'>in</span> <span class='ocrx_word' id='word_1_255' title='bbox 1418 2703 1619 2756; x_wconf 84' lang='lat' dir='ltr'>proximis</span> <span class='ocrx_word' id='word_1_256' title='bbox 1637 2702 1681 2742; x_wconf 93' lang='lat' dir='ltr'><em>B</em></span> 
     </span>
    </p>
   </div>
   <div class='ocr_carea' id='block_1_4' title="bbox 217 2755 1893 3030">
    <p class='ocr_par' dir='ltr' id='par_1_12' title="bbox 217 2755 1893 3030">
     <span class='ocr_line' id='line_1_32' title="bbox 217 2755 1893 2811; baseline -0.002 -12"><span class='ocrx_word' id='word_1_257' title='bbox 217 2759 362 2799; x_wconf 89' lang='lat' dir='ltr'>sueuis</span> <span class='ocrx_word' id='word_1_258' title='bbox 397 2757 506 2799; x_wconf 86' lang='lat' dir='ltr'>codd.</span> <span class='ocrx_word' id='word_1_259' title='bbox 698 2772 746 2799; x_wconf 86' lang='lat'>12</span> <span class='ocrx_word' id='word_1_260' title='bbox 776 2774 903 2811; x_wconf 91' lang='lat' dir='ltr'>quam</span> <span class='ocrx_word' id='word_1_261' title='bbox 946 2763 1062 2811; x_wconf 82' lang='lat' dir='ltr'>(corr.</span> <span class='ocrx_word' id='word_1_262' title='bbox 1095 2759 1308 2810; x_wconf 87' lang='lat' dir='ltr'>quamuis)</span> <span class='ocrx_word' id='word_1_263' title='bbox 1337 2757 1381 2799; x_wconf 86' lang='lat' dir='ltr'><em>B</em></span> <span class='ocrx_word' id='word_1_264' title='bbox 1546 2770 1594 2807; x_wconf 88' lang='lat'>13</span> <span class='ocrx_word' id='word_1_265' title='bbox 1623 2755 1811 2807; x_wconf 82' lang='lat' dir='ltr'>obligare</span> <span class='ocrx_word' id='word_1_266' title='bbox 1837 2755 1893 2795; x_wconf 91' lang='lat' dir='ltr'><em>H</em></span> 
     </span>
     <span class='ocr_line' id='line_1_33' title="bbox 223 2809 1886 2866; baseline -0.002 -12"><span class='ocrx_word' id='word_1_267' title='bbox 223 2826 270 2864; x_wconf 88' lang='lat'>¹7</span> <span class='ocrx_word' id='word_1_268' title='bbox 302 2822 419 2853; x_wconf 87' lang='lat' dir='ltr'>retor</span> <span class='ocrx_word' id='word_1_269' title='bbox 449 2819 554 2853; x_wconf 88' lang='lat' dir='ltr'>nent</span> <span class='ocrx_word' id='word_1_270' title='bbox 577 2811 774 2866; x_wconf 81' lang='lat' dir='ltr'>Madvig:</span> <span class='ocrx_word' id='word_1_271' title='bbox 810 2823 1017 2855; x_wconf 85' lang='lat' dir='ltr'>retrosum</span> <span class='ocrx_word' id='word_1_272' title='bbox 1040 2818 1172 2866; x_wconf 89' lang='lat' dir='ltr'>agunt</span> <span class='ocrx_word' id='word_1_273' title='bbox 1190 2813 1343 2865; x_wconf 78' lang='lat' dir='ltr'>Haupt</span> <span class='ocrx_word' id='word_1_274' title='bbox 1500 2812 1549 2852; x_wconf 88' lang='lat'>18</span> <span class='ocrx_word' id='word_1_275' title='bbox 1578 2811 1620 2851; x_wconf 94' lang='lat' dir='ltr'>in</span> <span class='ocrx_word' id='word_1_276' title='bbox 1641 2810 1736 2862; x_wconf 88' lang='lat' dir='ltr'>ipso</span> <span class='ocrx_word' id='word_1_277' title='bbox 1754 2809 1862 2850; x_wconf 50' lang='grc' dir='ltr'>ΑΒΕ</span> <span class='ocrx_word' id='word_1_278' title='bbox 1876 2824 1886 2851; x_wconf 91' lang='lat'><strong>:</strong></span> 
     </span>
     <span class='ocr_line' id='line_1_34' title="bbox 219 2864 1887 2920; baseline -0.001 -13"><span class='ocrx_word' id='word_1_279' title='bbox 219 2869 262 2906; x_wconf 88' lang='lat' dir='ltr'>in</span> <span class='ocrx_word' id='word_1_280' title='bbox 282 2866 374 2908; x_wconf 85' lang='lat' dir='ltr'>solo</span> <span class='ocrx_word' id='word_1_281' title='bbox 441 2865 497 2907; x_wconf 76' lang='lat'>13²</span> <span class='ocrx_word' id='word_1_282' title='bbox 516 2882 526 2908; x_wconf 90' lang='lat'>:</span> <span class='ocrx_word' id='word_1_283' title='bbox 556 2869 598 2908; x_wconf 89' lang='lat' dir='ltr'>in</span> <span class='ocrx_word' id='word_1_284' title='bbox 621 2869 716 2919; x_wconf 87' lang='lat' dir='ltr'>ipso</span> <span class='ocrx_word' id='word_1_285' title='bbox 733 2869 825 2909; x_wconf 89' lang='lat' dir='ltr'>solo</span> <span class='ocrx_word' id='word_1_286' title='bbox 846 2868 973 2909; x_wconf 87' lang='lat' dir='ltr'>CDH</span> <span class='ocrx_word' id='word_1_287' title='bbox 1052 2868 1233 2920; x_wconf 85' lang='lat' dir='ltr'>religant</span> <span class='ocrx_word' id='word_1_288' title='bbox 1252 2866 1355 2908; x_wconf 84' lang='lat' dir='ltr'>HM</span> <span class='ocrx_word' id='word_1_289' title='bbox 1364 2881 1374 2909; x_wconf 68' lang='grc' dir='ltr'><strong><em>ε</em></strong></span> <span class='ocrx_word' id='word_1_290' title='bbox 1405 2865 1605 2917; x_wconf 80' lang='lat' dir='ltr'>religatur</span> <span class='ocrx_word' id='word_1_291' title='bbox 1615 2864 1704 2905; x_wconf 85' lang='lat' dir='ltr'>AB</span> <span class='ocrx_word' id='word_1_292' title='bbox 1713 2878 1722 2905; x_wconf 72' lang='grc' dir='ltr'><strong><em>ε</em></strong></span> <span class='ocrx_word' id='word_1_293' title='bbox 1751 2864 1887 2915; x_wconf 79' lang='lat' dir='ltr'>ligant</span> 
     </span>
     <span class='ocr_line' id='line_1_35' title="bbox 221 2916 1884 2974; baseline -0.002 -12"><span class='ocrx_word' id='word_1_294' title='bbox 221 2920 298 2962; x_wconf 90' lang='lat' dir='ltr'>CD</span> <span class='ocrx_word' id='word_1_295' title='bbox 465 2935 515 2974; x_wconf 91' lang='lat'>19</span> <span class='ocrx_word' id='word_1_296' title='bbox 545 2923 719 2963; x_wconf 88' lang='lat' dir='ltr'>innoxia</span> <span class='ocrx_word' id='word_1_297' title='bbox 742 2923 952 2965; x_wconf 75' lang='lat' dir='ltr'>Muretus:</span> <span class='ocrx_word' id='word_1_298' title='bbox 986 2923 1157 2963; x_wconf 87' lang='lat' dir='ltr'>innoxie</span> <span class='ocrx_word' id='word_1_299' title='bbox 1176 2922 1286 2964; x_wconf 86' lang='lat' dir='ltr'>codd.</span> <span class='ocrx_word' id='word_1_300' title='bbox 1442 2933 1491 2960; x_wconf 65' lang='grc' dir='ltr'>ει</span> <span class='ocrx_word' id='word_1_301' title='bbox 1526 2919 1734 2971; x_wconf 83' lang='lat' dir='ltr'>comptius</span> <span class='ocrx_word' id='word_1_302' title='bbox 1752 2916 1884 2959; x_wconf 75' lang='lat' dir='ltr'>Lach-</span> 
     </span>
     <span class='ocr_line' id='line_1_36' title="bbox 219 2973 1884 3030; baseline -0.001 -15"><span class='ocrx_word' id='word_1_303' title='bbox 219 2989 375 3017; x_wconf 85' lang='lat' dir='ltr'>mann:</span> <span class='ocrx_word' id='word_1_304' title='bbox 399 2978 555 3030; x_wconf 88' lang='lat' dir='ltr'>compti</span> <span class='ocrx_word' id='word_1_305' title='bbox 573 2984 617 3017; x_wconf 90' lang='lat' dir='ltr'>ut</span> <span class='ocrx_word' id='word_1_306' title='bbox 636 2979 697 3030; x_wconf 86' lang='lat' dir='ltr'>(et</span> <span class='ocrx_word' id='word_1_307' title='bbox 713 2975 762 3030; x_wconf 85' lang='lat' dir='ltr'>C)</span> <span class='ocrx_word' id='word_1_308' title='bbox 780 2975 887 3018; x_wconf 83' lang='lat' dir='ltr'>codd.</span> <span class='ocrx_word' id='word_1_309' title='bbox 972 2973 1373 3018; x_wconf 73' lang='lat' dir='ltr'>armanturA¹B⁹C²</span> <span class='ocrx_word' id='word_1_310' title='bbox 1501 2988 1555 3015; x_wconf 75' lang='lat'>22</span> <span class='ocrx_word' id='word_1_311' title='bbox 1572 2974 1884 3015; x_wconf 83' lang='lat' dir='ltr'>vetustissimos</span> 
     </span>
    </p>
   </div>
   <div class='ocr_carea' id='block_1_5' title="bbox 217 3030 1782 3083">
    <p class='ocr_par' dir='ltr' id='par_1_13' title="bbox 217 3030 1782 3083">
     <span class='ocr_line' id='line_1_37' title="bbox 217 3030 1782 3083; baseline 0.001 -14"><span class='ocrx_word' id='word_1_312' title='bbox 217 3044 265 3070; x_wconf 89' lang='lat' dir='ltr'>se</span> <span class='ocrx_word' id='word_1_313' title='bbox 287 3030 418 3071; x_wconf 89' lang='lat' dir='ltr'>ABD</span> <span class='ocrx_word' id='word_1_314' title='bbox 529 3044 759 3072; x_wconf 88' lang='lat' dir='ltr'>semnones</span> <span class='ocrx_word' id='word_1_315' title='bbox 783 3030 979 3072; x_wconf 70' lang='lat' dir='ltr'>C2H‘252:</span> <span class='ocrx_word' id='word_1_316' title='bbox 1010 3044 1221 3083; x_wconf 78' lang='lat' dir='ltr'>semoneS‚</span> <span class='ocrx_word' id='word_1_317' title='bbox 1244 3042 1443 3082; x_wconf 87' lang='lat' dir='ltr'>senones,</span> <span class='ocrx_word' id='word_1_318' title='bbox 1465 3041 1684 3071; x_wconf 84' lang='lat' dir='ltr'>sennones</span> <span class='ocrx_word' id='word_1_319' title='bbox 1703 3033 1782 3070; x_wconf 82' lang='lat' dir='ltr'>cett.</span> 
     </span>
    </p>
   </div>
  </div>
 </body>
</html>
