2138 3470
761 169 1108 218 CORNELII
1145 171 1389 221 TACITI

243 304 422 368 quibus
454 305 602 355 moris
635 315 710 356 est
741 305 927 356 inlicita
956 307 1129 368 mirari,
1157 324 1304 372 posse
1328 308 1475 358 etiam
1501 311 1594 373 sub
1619 310 1758 360 malis
1782 310 1910 376 prin-

242 384 433 450 cipibus
469 404 674 451 magnos
704 387 832 437 viros
865 405 985 449 esse,
1013 388 1410 454 obsequiumque
1441 408 1499 440 ac
1532 391 1840 453 modestiam,
1869 391 1910 440 si

241 467 479 518 industria
513 486 573 518 ac
607 469 744 532 vigor
777 461 954 530 adsint,
984 487 1044 519 eo
1080 470 1239 520 laudis
1275 473 1524 533 excedere,
1553 490 1654 537 quo
1688 473 1910 538 plerique

240 565 327 612 per
366 550 586 612 abrupta,
631 551 720 599 sed
759 549 810 599 in
848 553 1040 601 nullum
1082 551 1150 601 rei
1187 552 1416 616 publicae
1450 570 1608 615 usum,
1647 554 1909 605 ambitiosa

240 638 398 679 morte
432 628 776 679 inclaruerunt.
1932 647 1956 689 5

149 721 216 769 43
309 709 442 759 Finis
477 710 605 760 vitae
641 710 745 760 eius
782 712 927 762 nobis
964 715 1230 775 luctuosus,
1267 714 1438 764 amicis
1475 715 1634 778 tristis,
1668 718 1908 768 extraneis

239 790 388 840 etiam
421 791 699 856 ignotisque
733 810 835 843 non
868 793 974 844 sine
1007 812 1123 844 cura
1152 796 1254 844 fuit.
1329 800 1500 862 vulgus
1530 815 1731 863 quoque
1755 799 1909 849 ethic

237 872 373 921 aliud
413 887 563 936 agens
605 877 818 939 populus
852 885 901 925 et
935 876 1234 927 ventitavere
1265 880 1330 927 ad
1363 880 1571 929 domum
1601 889 1650 930 et
1683 897 1771 946 per
1804 882 1910 931 fora

238 963 287 1004 et
324 954 531 1004 circulos
569 956 722 1006 locuti
760 967 875 1006 sunt
891 976 905 1019 3
946 975 1040 1007 nec
1076 958 1338 1023 quisquam
1374 960 1543 1010 audita
1578 971 1736 1012 morte
1771 961 1908 1027 Agri-

192 1052 212 1078 2
237 1038 376 1099 colae
399 1046 484 1086 aut
507 1039 714 1087 laetatus
739 1048 813 1088 est
836 1048 921 1089 aut
945 1039 1109 1089 statim
1139 1041 1332 1091 oblitus.
1405 1043 1618 1106 augebat
1641 1043 1906 1095 miseratio-
1931 1063 1982 1094 ιο

238 1135 354 1168 nem
379 1128 610 1168 constans
635 1137 802 1170 rumor
825 1138 1020 1171 veneno
1049 1121 1376 1186 interceptum
1401 1142 1410 1173 :
1446 1115 1591 1174 nobis
1624 1123 1746 1173 nihil
1775 1142 1907 1174 com-

237 1199 362 1265 perti
401 1192 660 1251 adfirmare
700 1201 872 1251 ausim.
947 1212 1164 1253 ceterum
1205 1221 1293 1267 per
1333 1222 1534 1255 omnem
1573 1205 1906 1256 valetudinem

237 1280 341 1330 eius
367 1281 583 1331 crebrius
609 1299 759 1346 quarn
785 1301 844 1333 ex
869 1300 1005 1334 more
1035 1283 1336 1349 principatus
1365 1302 1452 1350 per
1483 1286 1682 1336 nuntios
1707 1286 1907 1351 visentis

237 1371 286 1411 et
321 1362 606 1412 libertorum
634 1363 786 1428 primi
822 1374 871 1414 et
907 1365 1213 1415 medicorum
1242 1366 1406 1416 'intimi
1433 1364 1623 1429 venere,
1659 1368 1761 1418 sive
1791 1385 1908 1419 cura

189 1462 212 1501 3
236 1442 358 1492 illud
399 1443 500 1493 sive
541 1441 794 1508 inquisitio
836 1455 949 1494 erat.
1024 1462 1256 1511 supremo
1293 1447 1501 1512 ‘quidem
1537 1448 1618 1499 die
1654 1460 1908 1501 momenta
1933 1466 1980 1508 15

236 1522 344 1588 ipsa
379 1524 653 1574 deficientis
690 1542 777 1590 per
815 1526 1081 1591 dispositos
1120 1532 1341 1578 cursores
1377 1529 1601 1580 nuntiata
1632 1531 1903 1593 constabat,

236 1607 373 1654 nullo
405 1608 638 1656 credente
671 1607 740 1657 sic
771 1608 1038 1658 adcelerari
1071 1626 1198 1673 quae
1231 1609 1377 1659 tristis
1412 1611 1616 1661 audiret.
1689 1613 1907 1677 speciem

237 1693 402 1735 tamen
440 1687 624 1736 doloris
666 1688 819 1737 animi
858 1691 995 1739 vultu
1038 1707 1154 1754 prae
1190 1707 1243 1740 se
1278 1691 1400 1752 tulit,
1434 1708 1634 1742 securus
1669 1684 1768 1756 iani
1803 1685 1907 1744 odii

186 1786 212 1824 4
235 1776 284 1816 et
303 1767 387 1831 qui
405 1768 593 1818 facilius
613 1767 941 1821 dissimularet
964 1771 1201 1834 gaudium
1220 1789 1371 1836 quam
1389 1782 1590 1823 metum.
1651 1774 1767 1824 satis
1792 1791 1906 1824 con-

235 1849 395 1898 stabat
430 1851 559 1899 lecto
596 1859 893 1901 testamento
922 1851 1193 1916 Agricolae,
1223 1870 1324 1916 quo
1361 1854 1659 1904 coheredem
1687 1854 1903 1919 optimae
1927 1874 1981 1904 ιο

235 1929 372 1979 uxori
405 1940 454 1980 et
482 1931 731 1995 piissimae
760 1932 889 1982 filiae
920 1933 1265 1983 Domitianum
1293 1933 1497 1999 scripsit,
1524 1937 1759 1985 laetatum
1787 1953 1902 1986 eum

233 2013 367 2061 velut
392 2013 581 2062 honore
605 2013 902 2078 iudicioque.
961 2024 1060 2064 tam
1094 2032 1242 2065 caeca
1271 2025 1320 2065 et
1351 2026 1580 2081 corrupta
1612 2034 1751 2067 mens
1778 2017 1904 2067 adsi-

233 2092 345 2143 duis
369 2094 736 2145 adulationibus
766 2106 879 2157 erat,
909 2105 963 2145 ut
994 2096 1205 2146 nesciret
1231 2114 1262 2146 a
1293 2097 1429 2185 bono
1458 2107 1594 2161 patre
1625 2115 1728 2148 non
1756 2098 1903 2150 scribi

233 2176 468 2225 heredem
494 2176 587 2225 nisi
611 2180 797 2227 malum
821 2178 1107 2243 principem

142 2267 211 2316 44
304 2259 463 2307 Natus
497 2268 598 2309 erat
622 2259 852 2323 Agricola
877 2259 1004 2310 Gaio
1030 2262 1241 2311 Caesare
1273 2260 1470 2310 tertium
1501 2263 1705 2311 consule
1735 2260 1900 2312 idibus
1926 2280 1974 2323 25

236 2339 424 2389 Iuniis:
475 2341 681 2390 excessit
726 2351 902 2405 quarto
948 2351 998 2392 et
1040 2341 1450 2405 quinquagesimo
1495 2358 1641 2402 anno,
1686 2342 1901 2393 decumo

187 2445 206 2472 2
233 2421 470 2470 kalendas
513 2423 816 2485 Septembris
855 2424 1060 2486 Collega
1093 2424 1360 2487 Priscoque
1397 2422 1695 2473 consulibus.
1763 2424 1900 2487 quod

233 2501 273 2551 si
315 2501 540 2552 habitum
582 2521 783 2568 quoque
824 2504 928 2554 eius
970 2505 1151 2568 posteri
1194 2521 1399 2554 noscere
1438 2503 1602 2564 velint,
1646 2504 1901 2554 decentior

233 2600 384 2647 quarn
425 2583 838 2635 sublimiff'fuit:
887 2585 1008 2634 nihil
1047 2587 1260 2649 impetus
1302 2586 1354 2634 in
1394 2587 1564 2635 vultu:
1611 2584 1763 2649 gratia
1803 2584 1900 2635 oris

285 2726 312 2775 3
343 2727 394 2751 eo
428 2713 585 2766 laudis]
619 2727 765 2754 eorum
796 2714 945 2755 laudes
980 2714 1080 2755 Wex
1171 2716 1404 2755 escendere
1436 2714 1546 2766 Lips.
1685 2729 1710 2765 4
1741 2717 1899 2757 nullum

234 2768 294 2806 rei
339 2767 529 2817 publicae
565 2767 768 2818 Muretus,
806 2770 1010 2809 Ursmus:
1057 2770 1185 2810 ullum
1227 2770 1287 2809 rei
1327 2775 1425 2821 post
1460 2770 1638 2820 (nullum
1679 2783 1723 2809 re
1759 2785 1787 2823 p
1817 2773 1899 2823 ΓΜ)

232 2821 341 2861 codd.
513 2835 561 2861 10
591 2823 747 2861 oblitus
779 2823 990 2863 Muretus:
1046 2825 1201 2865 oblitus
1241 2831 1306 2864 est
1341 2824 1476 2864 ooddn
1527 2824 1704 2864 oblitus.
1723 2831 1765 2865 et
1801 2824 1903 2865 Wex

238 2879 286 2915 16
316 2878 539 2917 constabat
562 2878 722 2916 Rhen.
715 2909 722 2915 .
756 2880 1005 2919 constabant
1027 2880 1138 2919 codd.
1294 2882 1342 2919 18
1371 2879 1500 2918 animi
1522 2879 1639 2918 vultu
1662 2880 1896 2920 Baehrens:

232 2932 373 2970 animo
396 2932 598 2981 uultuque
622 2933 730 2971 codd.
750 2948 756 2971 :
790 2934 934 2972 habitu
956 2934 1158 2985 vultuque
1178 2934 1346 2973 Ernesti
1489 2946 1540 2984 25
1572 2935 1739 2973 tertium
1755 2933 1896 2986 Laepsz:

233 2992 298 3024 ter
336 2986 471 3025 codd.:
523 2988 672 3027 iterum
711 2988 933 3040 Nippetdey
1062 2991 1116 3028 26
1152 2996 1304 3038 quarto
1337 2988 1559 3028 Petavt'us:
1603 2994 1729 3029 sexto
1758 2987 1894 3031 codd.:

232 3041 381 3089 quinto
402 3041 626 3093 Nipperdey
791 3057 845 3093 29
874 3049 1012 3083 metus
1033 3048 1121 3082 1¹¹⁰:
1155 3049 1295 3083 metus
1316 3048 1358 3082 et
1378 3042 1563 3094 impetus
1583 3048 1619 3082 Δ
