2138 3470
896 164 1260 214 AGRICOLA

243 303 524 363 consectati,
566 301 854 367 expugnatis
900 302 1153 366 praesidiis
1195 301 1352 366 ipsam
1395 301 1640 351 coloniam
1682 301 1901 353 invasere

241 393 295 435 ut
330 387 499 435 sedem
535 383 791 444 servitutis,
818 399 912 432 nec
948 385 1102 432 ullum
1138 383 1189 431 in
1225 382 1442 432 barbaris
1480 383 1710 433 saevitiae
1746 401 1901 447 genus

239 467 405 517 omisit
427 467 497 516 ira
521 475 569 516 et
587 465 800 516 victoria.
875 467 1012 529 quod
1031 465 1124 514 nisi
1145 464 1377 514 Paulinus
1396 464 1596 528 cognito
1620 465 1901 528 provinciae
1930 487 1947 512 2

239 558 378 599 motu
415 565 622 614 propere
669 547 989 607 subvenisset,
1031 546 1211 596 amissa
1252 545 1505 595 Britannia
1545 548 1702 606 foret3
1749 562 1899 609 quarn

192 649 214 690 5
238 630 383 680 unius
421 629 594 695 proelii
630 631 826 679 fortuna
862 627 1014 678 veteri
1050 626 1317 692 patientiae
1353 626 1574 687 restituit,
1617 627 1900 676 tenentibus

237 729 372 761 arma
407 710 666 775 plerisque,
695 726 821 774 quos
857 708 1159 759 conscientia
1194 707 1485 757 defectionis
1521 716 1571 757 et
1604 707 1805 772 propius
1842 726 1902 758 ex

237 795 399 857 legato
434 792 581 841 timor
614 790 843 855 agitabat,
871 807 935 839 ne
971 806 1273 853 quamquam
1309 788 1528 853 egregius
1563 798 1727 837 cetera
1759 790 1900 838 adro-

237 883 407 938 ganter
429 873 481 921 in
513 872 709 922 deditos
740 880 789 921 et
820 880 875 921 ut
904 888 1022 920 suae
1058 870 1297 933 cuiusque
1331 869 1535 919 iniuriae
1569 871 1699 918 ultor
1729 869 1899 919 durius

237 956 526 1003 consuleret.
601 953 777 1002 missus
818 952 962 1021 igitur
999 951 1256 1000 Petronius
1291 951 1608 1014 Turpilianus
1644 959 1899 1014 tamquam
1927 973 1949 1012 3

168 1055 215 1083 10
237 1034 526 1084 exorabilior
566 1043 615 1083 et
656 1033 847 1083 delictis
894 1032 1111 1101 hostium
1158 1049 1316 1080 novus
1363 1048 1523 1095 eoque
1570 1031 1900 1095 paenitentiae

237 1115 410 1176 mitior,
460 1114 748 1178 compositis
806 1113 1048 1177 prioribus
1108 1112 1229 1160 nihil
1283 1114 1408 1161 ultra
1452 1129 1602 1160 ausus
1649 1111 1899 1160 Trebellio

239 1196 460 1245 Maximo
494 1195 800 1261 provinciam
835 1194 1048 1244 tradidit.
1128 1193 1404 1243 Trebellius
1439 1193 1634 1257 segnior
1667 1201 1717 1242 et
1752 1193 1898 1242 nullis
1923 1220 1948 1258 4

235 1286 503 1326 castrorum
543 1275 902 1341 experimentis,
942 1275 1175 1324 comitate
1212 1276 1428 1338 quadam
1465 1273 1671 1323 curandi
1708 1274 1900 1338 provin-

236 1357 364 1407 ciam
394 1357 564 1407 tenuit.
636 1357 855 1407 didicere
891 1356 991 1406 iam
1028 1355 1222 1406 barbari
1257 1372 1458 1419 quoque
1493 1354 1747 1418 ignoscere
1770 1354 1898 1404 vitiis

166 1459 214 1500 15
239 1438 619 1500 blandientibus,
668 1447 719 1488 et
768 1437 1071 1499 interventus
1117 1436 1334 1486 civilium
1378 1453 1627 1485 armorum
1673 1435 1898 1500 praebuit

236 1519 416 1569 iustam
456 1519 692 1584 segnitiae
731 1518 1129 1568 excusationem:
1180 1519 1272 1568 sed
1310 1516 1558 1567 discordia
1603 1517 1893 1577 laboratum,

234 1616 349 1650 cum
371 1601 608 1650 adsuetus
637 1599 1035 1665 expeditionibus
1066 1599 1208 1648 miles
1237 1597 1340 1648 otio
1371 1597 1624 1647 lasciviret.
1697 1598 1897 1647 Trebel·
1921 1624 1943 1664 5

232 1681 338 1742 lius,
378 1683 494 1746 fuga
528 1697 589 1731 ac
628 1681 827 1731 latebris
863 1680 1014 1730 vitata
1054 1679 1293 1731 exercitus
1330 1679 1400 1728 ira
1437 1678 1700 1729 indecorus
1746 1687 1896 1742 atque

232 1763 443 1824 humilis,
493 1763 712 1828 precario
758 1779 875 1812 mox
920 1762 1141 1827 praefuit,
1185 1778 1244 1811 ac
1290 1763 1423 1811 velut
1469 1759 1612 1824 pacti,
1657 1759 1896 1809 exercitus

162 1865 211 1893 20
231 1843 492 1905 licentiam,
520 1846 622 1894 dux
645 1846 867 1904 salutem,
895 1852 945 1893 et
974 1842 1152 1893 seditio
1176 1842 1283 1892 sine
1314 1840 1552 1905 sanguine
1585 1840 1729 1890 stetit.
1803 1857 1896 1890 nec
1921 1855 1944 1895 6

232 1925 426 1975 Vettius
457 1927 688 1986 Bolanus,
717 1924 1032 1975 manentibus
1064 1925 1230 1974 adhuc
1261 1922 1485 1973 civilibus
1516 1921 1668 1982 bellis,
1697 1920 1896 1986 agitavit

234 2005 538 2056 Britanniam
578 2006 868 2071 disciplina:
918 2007 1094 2056 eadem
1139 2004 1311 2054 inertia
1354 2020 1466 2067 erga
1512 2003 1680 2063 hostis,
1724 2002 1894 2052 similis

232 2087 502 2151 petulantia
536 2097 818 2148 castrorum,
854 2086 948 2136 nisi
981 2088 1117 2150 quod
1150 2086 1388 2135 innocens
1415 2086 1634 2134 Bolanus
1667 2093 1716 2134 et
1748 2084 1894 2134 nullis

232 2168 422 2218 delictis
446 2168 631 2218 invisus
655 2168 906 2218 caritatem
931 2176 1182 2232 paraverat
1206 2169 1317 2215 loco
1342 2164 1656 2215 auctoritatis.

162 2270 208 2310 25
299 2251 398 2299 Sed
445 2250 532 2299 ubi
577 2267 691 2299 cum
739 2258 903 2299 cetero
949 2249 1069 2297 orbe
1109 2246 1443 2311 Vespasianus
1492 2255 1541 2295 et
1589 2244 1892 2294 Britanniam
1916 2264 1969 2314 17

231 2330 527 2394 reciperavit,
560 2329 726 2393 magni
757 2331 923 2390 duces,
952 2328 1129 2392 egregii
1165 2327 1416 2386 exercitus,
1449 2326 1640 2375 minuta
1675 2326 1892 2375 hostium

232 2427 356 2474 speS.
429 2419 478 2460 et
502 2420 734 2460 terrorem
759 2409 923 2459 statim
947 2408 1110 2458 intulit
1136 2407 1337 2457 Petilius
1365 2406 1581 2467 Cerialis,
1606 2406 1893 2470 Brigantum
1919 2432 1938 2460 2

232 2490 490 2552 civitatem,
519 2508 647 2555 quae
670 2489 1070 2540 numerosissima
1102 2487 1382 2553 provinciae
1411 2487 1561 2537 totius
1593 2487 1888 2551 perhibetur,

288 2636 312 2674 5
342 2625 585 2664 tenentibus
606 2629 744 2662 tamen
767 2622 864 2662 coni.
890 2622 1046 2660 Ritter:
1097 2622 1176 2661 etsi
1206 2620 1452 2660 tenentibus
1473 2618 1701 2671 Nipperdey
1865 2622 1892 2657 6

233 2679 430 2728 proprius
460 2678 592 2717 Rhen.
774 2690 796 2726 7
828 2690 883 2716 ne
911 2689 1163 2726 quamquam
1190 2674 1356 2714 Walch:
1400 2687 1666 2723 nequaquam
1691 2675 1891 2722 (nequam

233 2734 313 2782 rm)
334 2731 443 2771 codd.
629 2732 655 2771 8
684 2731 888 2781 cuiusque
924 2730 1047 2769 Wex:
1079 2730 1257 2779 eiusque
1285 2727 1421 2767 codd.:
1458 2728 1636 2778 quisque
1668 2725 1894 2778 Nipperdey

238 2797 288 2824 10
314 2786 438 2825 nouis
457 2791 496 2825 Δ
662 2797 709 2825 11
742 2797 869 2825 ausus
893 2783 1018 2823 Put.:
1059 2796 1161 2822 usus
1188 2787 1243 2822 P:
1284 2782 1398 2821 ausis
1426 2787 1462 2820 Δ
1633 2783 1683 2819 16
1712 2781 1891 2819 seuitiae

233 2840 516 2879 acusationem
537 2838 626 2890 (sic)
651 2845 688 2878 Δ
856 2839 906 2877 18
935 2838 1161 2877 indecorus
1180 2835 1276 2875 Put.
1295 2849 1304 2874 ι
1337 2835 1549 2875 indecoris
1570 2834 1683 2874 codd.
1837 2847 1891 2873 20

233 2892 370 2932 salute
398 2898 460 2931 A:
509 2893 616 2933 sacta
650 2893 769 2945 (fort.
803 2905 853 2931 ex
881 2891 1022 2943 pacta)
1056 2891 1267 2930 exercitus
1301 2890 1468 2928 licentia
1500 2890 1620 2929 ducis
1658 2888 1793 2927 salute
1825 2892 1890 2925 rm

197 2978 200 2982 ,
233 2958 282 2984 21
317 2947 478 2985 uectius
498 2947 674 2986 nolanus
695 2947 905 3000 (Bolanus
925 2947 980 2996 Δ)
1002 2944 1111 2984 codd.
1249 2956 1300 2993 27
1332 2943 1545 2982 Caerealis
1567 2947 1622 2980 P:
1654 2942 1831 2981 cerealis
1851 2946 1887 2979 Δ

235 2997 491 3048 Bregantum
511 2999 621 3039 codd.
