2138 3470
610 178 967 227 DIALOGUS
1007 177 1102 224 DE
1138 175 1595 225 ORATORIBUS

271 337 379 370 esse
403 318 612 384 pretium
638 317 798 369 omnis
828 316 1007 367 laboris
1033 315 1107 366 sui
1141 317 1365 376 fatentur,
1393 327 1552 378 aeque
1580 323 1750 379 poetas
1779 330 1928 378 quam

270 410 486 451 oratores
527 399 757 465 sequitur,
797 398 1033 464 quoniam
1071 396 1333 447 mediocris
1375 404 1546 461 poetas
1586 412 1736 464 nemo
1776 394 1924 454 novit,

270 482 430 532 bonos
455 481 612 547 pauci.
684 482 887 546 quando
906 479 1039 530 enim
1063 478 1416 529 rarissimarum
1439 476 1781 527 recitationum
1799 479 1930 526 fama
1957 496 1976 522 2

269 562 320 612 in
362 572 516 613 totam
557 563 731 612 urbem
768 564 1028 626 penetrat?
1110 562 1296 610 nedum
1332 568 1387 610 ut
1421 576 1508 624 per
1539 567 1616 608 tot
1654 557 1928 622 provincias

222 655 244 695 5
269 643 556 694 innotescat.
630 652 810 708 quotus
841 642 1064 707 quisque,
1092 659 1207 691 curn
1238 658 1297 690 ex
1330 638 1575 704 Hispania
1606 640 1683 688 vel
1707 637 1838 698 Asia,
1866 655 1930 687 ne

270 724 391 790 quid
409 727 474 776 de
489 724 644 775 Gallis
662 723 838 774 nostris
857 726 1042 788 loquar,
1061 723 1112 772 in
1131 723 1305 772 urbem
1320 720 1466 781 venit,
1487 719 1702 770 Saleium
1719 722 1927 769 Bassum

270 806 504 870 requirit?
571 815 720 870 atque
742 806 870 854 adeo
894 804 935 853 si
959 803 1069 868 quis
1093 802 1304 867 requirit,
1333 811 1388 852 ut
1419 803 1572 851 semel
1596 801 1729 862 vidit,
1757 800 1928 850 transit

269 895 319 936 et
342 896 604 936 contentus
628 896 714 947 est,
736 895 791 935 ut
814 885 855 934 si
879 885 1119 950 picturam
1142 883 1360 948 aliquam
1378 885 1455 933 vel
1480 891 1692 933 statuam
1710 881 1922 933 vidisset.

268 984 431 1031 neque
455 970 588 1017 hunc
612 985 779 1017 meum
811 983 1090 1036 sermonem
1114 965 1184 1014 sic
1211 964 1369 1029 accipi
1393 966 1519 1024 volo,
1548 973 1800 1027 tamquam
1824 979 1922 1023 eos,
1952 981 1975 1020 3

198 1065 248 1094 10
268 1048 448 1112 quibus
472 1058 645 1098 natura
667 1066 757 1098 sua
780 1047 1046 1116 oratorium
1070 1045 1323 1110 ingenium
1355 1044 1627 1109 denegavit,
1656 1045 1926 1094 deterream

266 1146 297 1178 a
336 1129 648 1190 carminibus,
689 1129 730 1179 si
771 1130 923 1178 modo
961 1127 1012 1177 in
1053 1129 1147 1176 hac
1185 1126 1461 1177 studiorum
1502 1134 1639 1190 parte
1680 1125 1926 1174 oblectare

266 1209 423 1259 otium
453 1219 502 1260 et
533 1227 718 1260 nomen
746 1209 957 1259 inserere
987 1215 1194 1272 possunt
1223 1209 1395 1256 famae.
1469 1222 1561 1270 ego
1586 1222 1701 1255 vero
1725 1221 1924 1255 omnem
1950 1221 1975 1261 4
2014 1238 2017 1241 -

265 1290 599 1355 eloquentiam
617 1290 878 1354 omnisque
906 1288 1010 1339 eius
1039 1287 1188 1353 partis
1218 1304 1377 1338 sacras
1402 1295 1450 1337 et
1474 1285 1763 1336 venerabilis
1788 1294 1921 1349 puto,

266 1388 360 1421 nec
383 1374 544 1422 solum
567 1373 865 1422 cothurnum
889 1379 1105 1420 vestrum
1136 1378 1221 1419 aut
1252 1367 1437 1419 heroici
1469 1366 1696 1417 carminis
1730 1383 1921 1426 sonum,

196 1471 242 1512 15
267 1454 356 1503 sed
384 1452 643 1516 lyricorum
667 1469 868 1516 quoque
899 1451 1256 1502 iucunditatem
1281 1459 1330 1500 et
1354 1451 1603 1512 elegorum
1632 1447 1852 1498 lascivias
1876 1456 1926 1497 et

265 1531 543 1583 iamborum
577 1533 955 1583 amaritudinem
989 1538 1037 1580 et
1068 1531 1475 1596 epigrammatum
1511 1531 1645 1579 lusus
1682 1537 1731 1579 et
1758 1545 1924 1592 quam-

265 1631 480 1678 cumque
519 1613 666 1663 aliam
708 1613 925 1678 speciem
966 1612 1249 1677 eloquentia
1290 1612 1482 1671 habeat,
1521 1611 1924 1675 anteponendam

263 1694 436 1744 ceteris
475 1694 681 1745 aliarum
721 1694 898 1744 artium
949 1693 1123 1744 studiis
1177 1694 1339 1743 credo.
1427 1693 1515 1742 sed
1567 1700 1731 1741 tecum
1787 1689 1919 1751 mihi,
1950 1706 1972 1746 5

267 1778 505 1837 Materne,
547 1793 622 1826 res
663 1784 749 1837 est,
788 1776 939 1840 quod,
978 1791 1093 1825 cum
1134 1782 1308 1824 natura
1345 1782 1430 1824 tua
1470 1772 1521 1822 in
1563 1772 1720 1837 ipsam
1760 1789 1922 1822 arcem

193 1877 242 1906 20
264 1856 575 1920 eloquentiae
621 1858 754 1917 ferat,
805 1873 961 1907 errare
1013 1854 1166 1905 mavis
1213 1863 1262 1904 et
1309 1870 1502 1904 summa
1558 1854 1825 1917 adepturus
1872 1852 1922 1902 in

263 1936 526 1987 levioribus
558 1937 793 1988 subsistis
866 1947 921 1987 ut
949 1937 989 1986 si
1021 1936 1071 1986 in
1098 1935 1304 1986 Graecia
1336 1944 1479 1985 natus
1512 1950 1656 1994 esseS,
1685 1934 1771 1984 ubi
1802 1934 1923 1984 ludi-

263 2035 368 2068 cras
400 2036 601 2084 quoque
631 2019 746 2069 artis
778 2036 1001 2069 exercere
1036 2020 1302 2069 honestum
1338 2026 1424 2078 est,
1451 2033 1510 2067 ac
1542 2015 1631 2067 tibi
1658 2015 1921 2066 Nicostrati

264 2099 413 2149 robur
439 2116 498 2150 ac
522 2100 646 2150 vires
670 2100 722 2151 di
746 2099 1013 2160 dedissent,
1042 2116 1144 2149 non
1177 2107 1367 2163 paterer
1398 2096 1610 2147 inmanis
1640 2096 1747 2146 illos
1777 2106 1826 2147 et
1856 2098 1922 2146 ad

263 2196 479 2245 pugnam
512 2191 654 2231 natos
683 2183 890 2231 lacertos
922 2179 1118 2230 levitate
1153 2178 1299 2229 iaculi
1334 2186 1420 2228 aut
1455 2177 1586 2228 iactu
1623 2176 1745 2227 disci
1780 2193 1923 2227 vane·

191 2284 238 2323 25
263 2277 410 2323 scere,
438 2261 508 2312 sic
544 2279 677 2312 nunc
712 2271 761 2312 te
795 2263 859 2312 ab
895 2260 1149 2312 auditoriis
1182 2269 1231 2310 et
1269 2258 1469 2309 theatris
1498 2258 1549 2307 in
1579 2261 1737 2309 forum
1773 2267 1822 2308 et
1855 2259 1921 2308 ad

262 2358 434 2392 causas
463 2352 512 2392 et
539 2345 604 2393 ad
628 2360 741 2392 vera
769 2342 954 2407 proelia
977 2359 1115 2402 voco,
1143 2357 1259 2391 cum
1292 2339 1574 2405 praesertim
1607 2356 1670 2389 ne
1701 2340 1766 2389 ad
1799 2338 1920 2389 illud

262 2421 465 2484 quidem
497 2425 760 2488 confugere
793 2422 963 2487 possiS,
992 2423 1129 2486 quod
1158 2420 1402 2486 plerisque
1431 2419 1774 2485 patrocinatur,
1803 2428 1921 2469 tam-

261 2518 412 2564 quam
438 2503 600 2552 minus
624 2503 895 2553 obnoxium
921 2502 982 2552 sit
1010 2503 1261 2552 offendere
1293 2510 1550 2566 poetarum
1584 2517 1732 2564 quam
1766 2509 1921 2550 orato-

262 2599 369 2631 rum
410 2583 643 2633 studium.
716 2583 984 2634 effervescit
1025 2582 1157 2633 enim
1198 2582 1270 2631 vis
1317 2580 1672 2646 pulcherrimae
1719 2590 1920 2631 naturae
1944 2593 1968 2633 6

320 2725 338 2751 1
370 2725 517 2752 omnes
540 2711 643 2752 CD:
672 2724 755 2752 om.
776 2710 818 2749 Β
903 2723 1039 2760 aeque
1059 2709 1182 2750 Put.:
1214 2715 1342 2759 atque
1364 2709 1474 2750 codd.
1606 2723 1631 2759 4
1662 2709 1816 2749 nedum
1837 2707 1921 2749 13²:

262 2766 445 2805 medium
465 2770 547 2805 cett.
713 2779 734 2816 7
766 2772 811 2805 ut
831 2765 1048 2804 Acidalius
1065 2779 1074 2803 :
1104 2770 1145 2803 et
1165 2763 1277 2804 codd.
1447 2766 1497 2803 16
1527 2770 1570 2804 et
1591 2763 1688 2803 add.
1709 2763 1923 2802 Act'dalt‘us

265 2831 312 2868 17
334 2820 460 2859 habet
477 2819 710 2859 Heumann
866 2832 915 2870 19
935 2824 978 2858 te
996 2823 1070 2858 tua
1087 2817 1226 2857 Halm
1242 2832 1250 2858 :
1287 2823 1328 2857 te
1349 2818 1453 2858 ferat
1468 2818 1686 2858 Acidalius
1780 2830 1918 2857 arcem

260 2871 302 2911 E
307 2872 392 2912 VH
407 2887 417 2913 ε
446 2879 578 2913 artem
599 2879 679 2914 cett.
822 2887 875 2913 20
903 2873 1133 2923 adepturus
1152 2871 1395 2912 Acadalius:
1424 2873 1605 2922 adeptus
1622 2871 1732 2912 codd.
1868 2870 1921 2910 28

262 2926 450 3020 ogengae
468 2926 686 2967 Acidalius
832 2940 885 2978 29
914 2927 1153 2967 effervescit
1176 2953 1186 2965 .
1209 2954 1219 2965 .
1241 2953 1252 2966 .
1273 2926 1454 2967 offendis
1474 2925 1539 2965 B:
1572 2927 1821 2966 effer-vescet
1844 2954 1854 2966 .
1876 2951 1886 2965 .
1909 2952 1920 2965 .

204 2996 206 3000 ·
262 2993 287 3019 o
320 2993 373 3020 en
406 2993 452 3020 es
472 2985 553 3020 cett.
