2138 3470
864 178 1248 228 GERMANIA

297 319 564 371 Suionibus
602 317 828 369 Sitonum
864 326 1033 382 gentes
1070 316 1430 367 continuantur.
1504 324 1665 366 cetera
1705 314 1887 365 similes
1911 331 1936 372 9

230 418 331 451 uno
351 400 594 461 differunt,
613 401 750 464 quod
773 399 956 449 femina
974 398 1284 448 dominatur:
1320 397 1371 447 in
1391 406 1582 447 tantum
1608 413 1709 446 non
1734 397 1887 445 modo

229 498 259 531 a
282 481 504 531 libertate
529 482 617 530 sed
642 480 789 530 etiam
814 497 844 529 a
867 479 1098 529 servitute
1123 481 1435 543 degenerant.

297 561 399 611 Hic
434 561 644 611 Suebiae
679 560 802 610 finis.
876 560 1205 610 Peucinorum
1229 562 1650 622 Venedorumque
1683 566 1731 607 et
1765 559 1887 606 Fen·
1907 553 1978 612 46

180 664 203 705 5
229 659 405 692 norum
443 641 667 692 nationes
707 640 965 691 Germanis
1005 658 1069 690 an
1108 640 1340 690 Sarmatis
1375 639 1652 690 adscribam
1693 637 1884 697 dubito,

228 739 528 788 quamquam
555 722 772 782 Peucini,
794 738 920 785 quos
945 721 1147 785 quidam
1169 725 1428 771 Bastarnas
1446 729 1638 780 vocant,
1661 735 1887 769 sermone
1950 779 1955 784 .

228 805 363 854 cultu
395 805 513 854 sede
536 820 594 852 ac
618 802 879 853 domiciliis
904 811 958 852 ut
977 802 1211 852 Germani
1229 811 1392 866 agunt.
1465 802 1634 851 sordes
1663 799 1887 850 omnium

227 901 286 934 ac
310 893 504 948 torpor:
540 901 627 934 ora
652 900 910 948 procerum
935 883 1161 933 conubiis
1188 882 1349 932 mixtis
1374 881 1600 932 nonnihil
1625 881 1676 930 in
1701 883 1888 930 Sarma-

229 974 387 1014 tarum
439 964 662 1014 habitum
717 965 989 1029 foedantur.
1062 963 1257 1013 Venedi
1304 965 1515 1012 multum
1562 979 1621 1011 ex
1668 960 1887 1011 moribus
1915 978 1933 1005 2

156 1066 207 1096 ιο
230 1054 475 1094 traxerunt
492 1063 506 1106 3
529 1062 645 1094 nam
663 1044 908 1109 quidquid
927 1044 1052 1094 inter
1072 1044 1315 1094 Peucinos
1336 1046 1632 1107 Fennosque
1658 1042 1885 1092 silvarum

228 1143 287 1176 ac
322 1125 565 1175 montium
601 1125 797 1189 erigitur
835 1124 1099 1175 latrociniis
1136 1133 1395 1188 pererrant.
1468 1123 1519 1172 hi
1561 1132 1727 1173 tamen
1763 1122 1888 1171 inter

229 1208 504 1257 Germanos
542 1206 705 1270 potius
743 1207 1028 1267 referuntur,
1056 1205 1172 1269 quia
1203 1214 1251 1254 et
1283 1206 1461 1255 domos
1485 1206 1642 1268 figunt
1666 1213 1714 1253 et
1750 1212 1889 1253 scuta

227 1296 417 1351 gestant
449 1296 498 1336 et
533 1288 718 1350 pedum
756 1304 849 1336 usu
888 1295 936 1336 et
969 1286 1255 1351 pernicitate
1286 1287 1532 1349 gaudent:
1569 1302 1696 1349 quae
1721 1284 1889 1334 omnia

228 1367 419 1418 diversa
469 1367 700 1417 Sarmatis
759 1377 873 1417 sunt
930 1367 981 1416 in
1036 1369 1253 1431 plaustro
1310 1383 1540 1430 equoque
1594 1365 1882 1415 viventibus.

157 1459 204 1502 15
230 1448 412 1498 Fennis
450 1448 572 1497 mira
608 1448 785 1508 feritas,
813 1450 960 1498 foeda
991 1457 1250 1512 paupertas
1273 1467 1282 1497 :
1319 1464 1421 1497 non
1453 1464 1601 1507 arma,
1628 1464 1731 1496 non
1755 1445 1884 1510 equi,
1911 1462 1934 1501 3

229 1546 330 1579 non
369 1538 571 1593 penates
588 1547 602 1590 3
651 1528 799 1578 victui
838 1529 1003 1589 herba,
1041 1527 1236 1578 vestitui
1274 1529 1440 1591 pelles,
1472 1527 1638 1576 cubile
1676 1529 1885 1576 humus:

228 1612 362 1659 solae
399 1609 450 1658 in
489 1609 673 1673 sagittis
715 1627 840 1673 spes,
882 1626 1003 1673 quas
1045 1609 1212 1672 inopia
1258 1608 1368 1658 ferri
1409 1608 1602 1657 ossibus
1642 1617 1881 1672 asperant.

228 1690 462 1754 idemque
493 1699 696 1740 venatus
729 1690 857 1740 viros
882 1689 1059 1753 pariter
1082 1706 1140 1739 ac
1164 1689 1371 1738 feminas
1395 1689 1479 1737 alit
1497 1706 1511 1749 3
1545 1688 1727 1752 passim
1752 1688 1884 1738 enim

230 1770 525 1820 comitantur
548 1779 834 1834 partemque
859 1771 1070 1834 praedae
1094 1779 1280 1834 petunt.
1354 1786 1446 1819 nec
1464 1769 1599 1818 aliud
1617 1768 1884 1818 infantibus
1907 1786 1933 1825 4

159 1868 208 1898 ιο
230 1853 438 1901 ferarum
463 1851 793 1915 imbriumque
826 1850 1089 1914 suffugium
1122 1867 1271 1914 quam
1296 1859 1349 1899 ut
1374 1850 1424 1899 in
1448 1849 1614 1913 aliquo
1639 1867 1884 1899 ramorum

230 1949 358 1981 nexu
390 1940 739 1995 contegantur:
781 1933 880 1980 huc
916 1932 1123 1981 redeunt
1158 1930 1372 1991 iuvenes,
1400 1932 1497 1980 hoe
1526 1947 1699 1980 senum
1724 1946 1886 1993 recep-

229 2013 458 2061 taculum.
531 2013 620 2061 sed
666 2011 855 2061 beatius
907 2010 1200 2060 arbitrantur
1253 2028 1402 2075 quam
1449 2010 1696 2075 ingemere
1741 2010 1880 2074 agris,
1910 2025 1931 2066 5

227 2091 500 2142 inlaborare
534 2092 780 2152 domibuS‚
819 2109 931 2142 suas
963 2092 1246 2156 alienasque
1278 2094 1497 2141 fortunas
1530 2109 1616 2155 spe
1650 2101 1884 2155 metuque

228 2189 444 2222 versare:
481 2173 638 2222 securi
662 2175 894 2223 adversus
922 2173 1162 2233 homines,
1190 2172 1346 2222 securi
1370 2174 1602 2222 adversus
1628 2174 1748 2222 deos
1781 2189 1883 2221 rem

159 2265 205 2306 ²5
228 2252 564 2303 difficillimam
601 2254 822 2304 adsecuti
865 2263 992 2314 sunt,
1033 2263 1086 2302 ut
1124 2253 1217 2302 illis
1256 2269 1319 2302 ne
1356 2262 1472 2302 voto
1510 2252 1712 2316 quidem
1760 2269 1884 2316 opus

227 2343 367 2384 esset.
462 2343 624 2384 cetera
668 2333 766 2384 iam
815 2335 1066 2384 fabulosa:
1130 2333 1384 2383 Hellusios
1431 2342 1480 2382 et
1527 2333 1746 2383 Oxionas
1800 2350 1886 2382 ora
1909 2343 1933 2383 6

227 2413 487 2466 hominurn
529 2416 803 2478 vultusque,
844 2431 1048 2479 corpora
1079 2423 1228 2478 atque
1269 2423 1401 2463 artus
1440 2415 1648 2463 ferarum
1689 2431 1883 2477 gerere:

227 2497 364 2559 quod
387 2511 479 2559 ego
504 2504 558 2544 ut
582 2495 941 2559 incompertum
967 2495 1018 2543 in
1043 2494 1209 2544 medio
1234 2493 1519 2557 relinquam.

286 2636 302 2660 1
338 2623 570 2663 Suionibus
591 2654 600 2663 .
627 2654 635 2662 .
658 2652 667 2662 .
694 2623 958 2672 degenerant
986 2622 1044 2662 H.
1070 2621 1234 2672 Schutz,
1260 2626 1355 2673 post
1379 2622 1516 2672 finem
1549 2635 1576 2663 c.
1600 2635 1653 2672 44
1682 2622 1882 2673 ponenda,

228 2677 321 2716 item
356 2676 530 2717 Sitonas
562 2691 589 2716 c.
615 2688 679 2725 45.
715 2690 732 2716 1
766 2676 981 2728 legendum
1011 2681 1135 2715 censet
1255 2676 1472 2715 sithonum
1502 2675 1544 2714 Β
1648 2688 1755 2725 gens
1783 2677 1885 2715 ΑΒι

228 2730 497 2771 continuatur
515 2730 557 2768 A
593 2769 603 2778 ,
725 2745 751 2781 4
779 2730 878 2770 finis
905 2730 1031 2770 Put.:
1071 2730 1180 2769 fines
1201 2729 1311 2769 codd.
1421 2730 1696 2769 Venedorum
1722 2729 1855 2769 Rhen.
1876 2744 1885 2769 :

227 2790 476 2838 venetorum
514 2784 727 2835 (veneth·)
759 2783 868 2823 codd.
1049 2796 1071 2834 7
1103 2789 1149 2822 ut
1179 2783 1408 2824 Germani.
1432 2814 1442 2825 .
1464 2815 1474 2824 .
1497 2783 1705 2823 Sarmatis
1734 2796 1815 2823 om.
1843 2782 1888 2821 D

228 2838 254 2876 8
281 2850 356 2877 ora
375 2837 469 2878 add.
491 2837 678 2877 Heraeus
788 2838 923 2877 mistis
943 2837 1000 2876 32
1018 2852 1028 2877 :
1058 2838 1212 2876 mixtos
1233 2837 1384 2890 (mist·)
1407 2841 1488 2878 cett.
1642 2850 1690 2876 12
1721 2838 1887 2886 fingunt

231 2888 315 2930 CH
438 2904 487 2942 13
516 2892 672 2942 pedum
704 2890 845 2943 &paz
876 2892 1086 2941 pecudum
1106 2890 1237 2930 AB¹:
1267 2890 1458 2941 peditum
1489 2895 1568 2931 cett.
1705 2903 1752 2940 17
1782 2903 1886 2941 opes

229 2943 376 2983 Meiser
497 2956 551 2995 25
578 2945 788 2985 difficilem
815 2944 904 2984 AB
982 2951 1082 2984 sunt
1110 2958 1191 2984 om.
1213 2944 1256 2983 B
1385 2947 1440 2984 26
1468 2946 1646 2984 exionas
1674 2943 1755 2984 DS
1769 2959 1777 2984 z
1809 2944 1886 2983 eti-

221 2997 335 3037 'onas
348 2997 562 3038 Α”ΒῚΔῙΧ2
667 3012 718 3049 27
740 3005 783 3038 et
796 3012 973 3050 corpora
991 2999 1066 3039 CD
1170 3000 1222 3038 28
1242 2999 1382 3039 medio
1398 2998 1556 3039 Halm:
1579 2999 1761 3038 medium
1776 2997 1885 3038 codd.
