2138 3470
801 162 1148 211 CORNELII
1182 162 1428 213 TACITI

281 299 404 364 cepi,
433 317 547 350 curn
571 299 754 350 oblitus
778 309 828 351 et
850 310 966 351 tuae
988 309 1039 352 et
1060 301 1217 351 fratris
1249 301 1321 351 tui
1349 302 1660 366 eloquentiae
1693 301 1946 353 nerninem

282 382 379 430 hoc
403 391 627 445 tempore
651 390 896 431 oratorem
921 399 1030 432 esse
1054 384 1381 432 contenderes
1400 380 1658 450 [antiquis]‚
1682 399 1756 444 e0,
1777 383 1940 443 cred0,

280 462 529 522 audacius,
566 464 703 526 quod
738 463 1054 527 malignitatis
1089 462 1379 527 opinionem
1410 479 1514 512 non
1544 462 1800 524 verebaris,
1826 479 1944 512 cum

280 559 391 591 eam
414 542 631 607 gloriam,
660 559 811 606 quam
835 543 927 593 tibi
950 543 1034 593 alii
1056 545 1353 604 concedunt,
1379 543 1487 607 ipse
1510 543 1601 592 tibi
1623 544 1922 608 denegares.'

234 639 253 666 2
353 627 364 649 ‘
382 626 561 687 Neque
598 622 753 672 illius'
791 623 952 687 inquit
994 623 1260 673 ‘sermonis
1301 622 1400 672 mei
1436 622 1806 687 paenitentiam'
1832 639 1940 688 ago,
1966 637 1991 678 5

279 719 443 767 neque
482 712 567 752 aut
608 705 895 753 Secundum
929 712 1016 753 aut
1053 706 1339 752 Maternum
1369 712 1455 752 aut
1491 712 1541 753 te
1580 702 1755 767 ipsum,
1793 706 1940 767 Aper,

279 801 582 848 quamquam
616 783 866 833 interdum
900 784 953 832 in
987 784 1288 834 contrarium
1323 784 1556 848 disputes,
1593 783 1733 833 aliter
1766 783 1944 833 sentire

279 867 441 915 credo.
513 882 573 915 ac
607 865 754 915 velim
787 865 1104 929 impetratum
1138 866 1204 914 ab
1238 864 1406 928 aliquo
1439 874 1655 914 vestrum
1683 873 1738 913 ut
1772 880 1944 913 causas

277 945 423 994 huius
447 945 668 995 infinitae
692 945 997 995 differentiae
1020 954 1262 995 scrutetur
1291 962 1350 994 ac
1384 946 1571 1005 reddat,
1600 961 1721 1009 quas
1746 960 1944 994 mecum

228 1044 252 1081 3
277 1025 383 1095 ipse
407 1028 698 1089 plerumque
729 1026 983 1089 conquir0.
1058 1035 1107 1075 et
1135 1027 1274 1089 quod
1306 1024 1605 1088 quibusdam
1637 1023 1821 1074 solacio
1852 1033 1939 1084 est,
1969 1039 2019 1068 10

277 1105 400 1155 mihi
446 1115 591 1170 auget
638 1106 993 1170 quaestionem,
1035 1106 1152 1170 quia
1191 1105 1339 1155 video
1387 1105 1536 1154 etiarn
1575 1103 1775 1154 Graecis
1800 1103 1944 1154 acci-

277 1186 408 1235 disse
443 1195 497 1235 ut
528 1186 721 1250 longius
750 1186 879 1236 absit
902 1188 964 1234 ab
988 1185 1238 1235 Aeschine
1262 1195 1311 1235 et
1337 1186 1678 1235 Demosthene
1702 1185 1942 1234 Sacerdos

276 1267 358 1317 ille
383 1267 596 1327 NiceteS‚
625 1275 673 1316 et
698 1266 739 1315 si
762 1267 872 1331 quis
896 1267 1019 1316 alius
1041 1268 1298 1330 Ephesum
1315 1267 1392 1315 vel
1414 1265 1677 1329 Mytilenas
1695 1273 1942 1314 concentu

277 1347 682 1396 scholasticorum
716 1356 764 1396 et
800 1347 1098 1396 clamoribus
1124 1346 1294 1410 quatit,
1322 1363 1474 1410 quam
1498 1347 1618 1395 Afer
1647 1353 1733 1395 aut
1757 1344 1943 1394 Africa-

276 1445 369 1477 nus
393 1437 478 1477 aut
500 1444 588 1477 vos
612 1427 705 1492 ipsi
728 1444 758 1476 a
783 1427 1026 1479 Cicerone
1049 1436 1134 1476 aut
1158 1426 1334 1476 Asinio
1357 1425 1651 1476 recessistis?
1968 1434 2017 1476 Ῐ5

193 1519 251 1566 16
348 1512 359 1534 ‘
379 1510 615 1572 Magnam
632 1510 642 1530 '
678 1507 838 1572 inquit
873 1509 1133 1557 Secundus
1173 1511 1248 1556 ‘et
1283 1506 1483 1571 dignam
1524 1514 1732 1556 tractatu
1770 1522 1942 1570 quaes-

276 1588 463 1637 tionem
499 1587 707 1637 movisti.
781 1590 870 1638 sed
899 1587 1008 1652 quis
1041 1604 1152 1636 eam
1187 1587 1360 1637 iustius
1393 1586 1654 1650 explicabit
1689 1602 1839 1650 quam
1870 1595 1937 1647 tu,

275 1671 340 1718 ad
377 1669 514 1718 cuius
551 1685 797 1718 summam
835 1668 1164 1718 eruditionem
1200 1677 1249 1718 et
1290 1666 1764 1732 praestantissimum
1810 1667 1941 1732 inge-

276 1748 414 1798 nium
438 1766 555 1799 cura
579 1766 780 1813 quoque
805 1759 853 1799 et
878 1749 1134 1799 meditatio
1157 1748 1363 1798 accessit
1378 1750 1425 1796 ?'

230 1854 248 1880 2
345 1832 408 1879 Et
443 1832 675 1879 Messalla
704 1834 715 1856 ‘
732 1830 978 1894 aperiam'
1014 1829 1173 1893 inquit
1202 1833 1214 1855 ‘
1231 1828 1552 1893 cogitationes
1577 1844 1725 1888 meaS,
1753 1827 1795 1877 si
1818 1827 1940 1878 illud
1965 1841 2018 1870 20

274 1927 304 1958 a
344 1910 484 1959 vobis
521 1920 636 1959 ante
672 1910 1008 1974 impetraver0‚
1048 1920 1102 1959 ut
1138 1926 1225 1959 vos
1261 1926 1461 1974 quoque
1499 1925 1778 1959 sermonem
1806 1910 1939 1959 hunc

275 2000 497 2040 nostrum
532 1990 803 2040 adiuvetis.'

228 2089 250 2126 3
347 2076 357 2096 ‘
374 2073 469 2120 Pro
494 2072 717 2120 duobus'
753 2071 911 2135 inquit
938 2074 1193 2121 Maternus
1233 2076 1245 2098 ‘
1262 2071 1524 2136 promitto:
1561 2087 1677 2120 nam
1701 2079 1750 2120 et
1774 2086 1867 2135 ego
1890 2079 1939 2119 et

276 2153 533 2200 Secundus
581 2168 904 2215 exsequemur
952 2169 1033 2201 eas
1082 2152 1242 2216 partis,
1294 2169 1415 2216 quas
1463 2148 1842 2201 intellexerimus
1889 2159 1938 2200 te

275 2247 375 2279 non
402 2240 501 2279 tam
534 2231 757 2281 omisisse
793 2249 942 2296 quam
978 2233 1123 2282 nobis
1147 2233 1410 2296 reliquisse.
1484 2235 1674 2296 Aprum
1699 2231 1832 2281 enirn
1864 2247 1938 2281 so·
1963 2245 2012 2287 25

275 2313 372 2359 lere
407 2311 663 2360 dissentire
689 2321 736 2361 et
761 2321 813 2361 tu
838 2315 988 2376 paulo
1012 2323 1127 2362 ante
1152 2313 1314 2362 dixisti
1345 2322 1392 2362 et
1428 2312 1533 2376 ipse
1562 2311 1677 2361 satis
1714 2310 1938 2361 manifes-

274 2400 351 2439 tus
377 2400 449 2441 est
482 2391 578 2440 iarn
604 2394 796 2441 dudum
830 2393 879 2441 in
910 2394 1206 2443 contrarium
1245 2393 1434 2457 accingi
1464 2409 1556 2442 nec
1584 2407 1752 2455 aequo
1768 2391 1935 2440 animo

274 2473 483 2535 perferre
508 2474 635 2521 hanc
661 2483 877 2522 nostram
904 2491 992 2537 pro
1016 2474 1331 2537 antiquorum
1356 2474 1502 2522 laude
1526 2470 1875 2522 concordiam.’
1924 2524 1926 2526 ,

225 2575 250 2612 4
346 2553 493 2600 ‘Non
530 2553 660 2601 enim
683 2556 692 2576 '
717 2554 876 2617 inquit
908 2557 1040 2617 Aper
1069 2554 1370 2603 ‘inauditum
1404 2563 1452 2603 et
1487 2553 1799 2602 indefensum
1835 2567 1935 2602 sae-

336 2693 361 2717 2
405 2680 589 2730 antiquis
635 2681 709 2722 del.
757 2682 972 2722 Acidalius
992 2697 1000 2721 :
1050 2689 1177 2733 atque
1222 2684 1262 2722 id
1304 2683 1367 2722 vel
1403 2695 1547 2733 parem
1590 2682 1777 2732 antiquis
1817 2683 1931 2736 ζῷς.

278 2745 304 2782 3
333 2733 603 2783 malignitatis
624 2735 755 2775 Rhen.
776 2750 784 2774 :
826 2736 1017 2786 malignis
1040 2737 1232 2787 (maligni
1252 2735 1313 2788 in)
1336 2737 1388 2775 iis
1417 2735 1524 2776 codd.
1693 2750 1717 2785 4
1749 2736 1841 2787 ipse
1867 2737 1931 2776 B:

278 2786 356 2836 ipsi
377 2791 457 2826 cett.
590 2802 639 2827 10
668 2790 834 2839 inquiro
855 2790 1028 2829 A²B²C2
1155 2803 1198 2828 11
1232 2790 1407 2830 Graecis
1427 2788 1613 2828 Dronke:
1643 2790 1775 2838 gratis
1795 2790 1904 2831 codd.
1922 2805 1930 2829 :

274 2839 412 2879 Graiis
424 2841 522 2880 Put.
641 2856 688 2881 12
718 2844 770 2882 ab
784 2843 877 2882 add.
899 2841 1135 2896 Wesenberg
1246 2856 1294 2893 13
1317 2844 1489 2883 Nicetes
1504 2843 1642 2894 Lupa:
1665 2843 1799 2883 enitet
1818 2843 1932 2884 codd.

273 2901 483 2934 concentu
484 2895 652 2988 ωζέἓεῖᾶἐ
686 2903 933 2947 concentus,
959 2903 1184 2937 contentus
1204 2896 1313 2936 codd.
1538 2908 1584 2946 17
1607 2896 1771 2935 movisti
1793 2896 1928 2949 Lipsa

274 2948 464 2988 mouistis
585 2979 594 2989 .
