2138 3470
768 162 1113 212 CORNELII
1150 163 1394 213 TACITI

250 316 413 364 neque
436 300 488 350 in
512 299 647 364 ipsos
678 302 833 351 modo
860 309 1098 362 auctoreS,
1126 303 1215 351 sed
1246 300 1298 350 in
1330 301 1480 352 libros
1509 318 1711 366 quoque
1740 319 1912 352 eorum

249 380 502 442 saevitum,
522 382 750 446 delegato
767 380 1028 432 triumviris
1052 381 1322 432 ministerio
1340 392 1394 433 ut
1412 393 1737 434 monumenta
1754 383 1915 434 claris-

203 480 223 507 2
249 461 487 511 simorum
510 461 821 526 ingeniorum
850 462 901 511 in
930 462 1132 512 comitio
1160 481 1219 513 ac
1250 466 1358 514 foro
1389 457 1654 515 urerentur.
1727 465 1914 516 scilicet

246 542 332 593 illo
378 543 492 607 igne
531 561 707 594 vocem
747 543 919 608 populi
962 544 1179 594 Romani
1219 553 1267 594 et
1307 545 1583 596 libertatern
1623 555 1823 596 senatus
1863 556 1915 597 et

246 625 603 675 conscientiam
633 624 825 690 generis
846 624 1059 674 -humani
1086 625 1273 675 aboleri
1299 625 1671 689 arbitrabantur,
1698 627 1913 692 expulsis
1938 648 1961 687 5

247 705 448 770 insuper
485 706 756 771 sapientiae
791 706 1151 770 professoribus
1190 716 1340 771 atque
1375 708 1513 758 omni
1548 709 1684 758 bona
1721 718 1826 759 arte
1847 708 1913 776 ‘in

201 802 224 841 3
246 787 447 837 exilium
478 797 600 849 acta,
628 805 693 838 ne
724 787 846 852 quid
878 805 1089 852 usquam
1120 790 1386 838 honestum
1418 798 1706 840 occurreret.
1778 789 1914 840 dedi-

246 886 357 918 mus
381 871 604 933 profecto
626 871 812 934 grande
836 868 1102 933 patientiae
1125 871 1484 919 documentum
1500 888 1516 932 3
1548 879 1599 920 et
1622 870 1750 920 sicut
1772 879 1913 921 vetus

245 959 381 1000 aetas
410 950 533 1001 vidit
564 950 686 1015 quid
717 950 947 1000 ultimum
982 950 1033 999 in
1065 950 1290 1000 libertate
1318 960 1458 1012 esset,
1486 950 1554 1001 ita
1581 969 1675 1002 nos
1707 950 1829 1016 quid
1860 950 1911 1001 in

248 1031 493 1098 servitute,
520 1033 758 1095 adempto
781 1049 869 1096 per
892 1031 1235 1096 inquisitiones
1265 1032 1413 1082 etiarn
1445 1032 1685 1097 loquendi
1711 1032 1914 1083 audien·
1940 1053 1991 1083 10

198 1133 225 1173 4
247 1112 401 1177 dique
425 1113 738 1163 commercio.
802 1113 1093 1163 memoriam
1117 1131 1318 1179 quoque
1341 1114 1499 1179 ipsam
1523 1132 1639 1165 cum
1662 1132 1787 1166 voce
1809 1131 1914 1180 per-

247 1193 560 1256 didissemus,
588 1194 630 1244 si
658 1203 761 1244 tam
793 1194 844 1244 in
873 1204 1040 1245 nostra
1071 1205 1315 1260 potestate
1346 1205 1475 1246 esset
1506 1196 1731 1247 oblivisci
1761 1214 1913 1263 quarn

247 1283 421 1326 tacere.

192 1369 223 1415 3
316 1359 468 1407 Nunc
491 1359 696 1408 demum
721 1358 848 1408 redit
870 1358 1065 1429 animus
1086 1377 1101 1421 ,·
1135 1360 1224 1408 sed
1239 1375 1542 1424 quamquam
1561 1359 1722 1425 primo
1745 1358 1911 1410 statim

246 1438 517 1488 beatissimi
553 1439 736 1489 saeculi
772 1431 882 1489 ortu
916 1442 1080 1490 Nerva
1104 1442 1285 1491 Caesar
1320 1458 1395 1491 res
1431 1441 1550 1491 olim
1585 1440 1912 1492 dissociabilis
1941 1462 1989 1504 15

247 1519 509 1581 miscuerit,
554 1521 885 1586 principatum
931 1539 990 1571 ac
1036 1521 1324 1583 libertatem,
1368 1532 1644 1587 augeatque
1690 1523 1914 1588 quotidie

247 1602 530 1657 felicitatem
566 1612 846 1668 temporum
878 1605 1042 1653 Nerva
1070 1603 1324 1664 Traianus,
1360 1621 1454 1672 nec
1490 1621 1628 1668 spem
1668 1606 1822 1656 modo
1856 1621 1915 1656 ac

247 1693 419 1733 votum
456 1683 689 1734 securitas
725 1684 936 1748 publica,
965 1686 1055 1734 sed
1086 1684 1238 1748 ipsius
1270 1684 1371 1734 voti
1404 1684 1637 1734 fiduciam
1671 1703 1734 1736 ac
1766 1687 1915 1737 robur

247 1766 589 1830 adsumpserit,
610 1775 783 1815 natura
800 1775 967 1815 tamen
986 1765 1279 1815 infirmitatis
1298 1768 1545 1816 humanae
1564 1766 1777 1817 tardiora
1800 1777 1915 1818 sunt

247 1847 466 1897 remedia
497 1864 647 1911 quam
681 1849 810 1896 mala
827 1866 840 1908 3
875 1857 924 1896 et
956 1856 1010 1896 ut
1039 1864 1245 1911 corpora
1273 1856 1439 1897 nostra
1466 1850 1599 1901 lente
1626 1858 1910 1912 augescunt,
1942 1872 1992 1901 20

248 1927 349 1977 cito
378 1928 739 1993 extinguuntur,
757 1924 839 1977 'sic
867 1927 1063 1992 ingenia
1096 1927 1358 1992 studiaque
1390 1929 1689 1993 oppresseris
1724 1929 1913 1981 facilius

248 2027 399 2074 quam
431 2009 765 2065 revocaveris:
808 2009 940 2059 subit
976 2009 1161 2074 quippe
1196 2009 1344 2059 etiam
1381 2009 1534 2073 ipsius
1572 2009 1776 2061 inertiae
1809 2013 1915 2062 dul-

203 2116 221 2143 2
248 2092 388 2150 cedo,
421 2090 664 2140 et‘invisa
701 2090 860 2154 primo
896 2090 1087 2140 desidia
1122 2100 1374 2154 postremo
1405 2100 1608 2141 amatur.
1682 2090 1841 2157 quid?
1875 2092 1916 2143 si

247 2190 333 2236 per
369 2172 655 2237 quindecim
691 2189 862 2232 annos,
898 2173 1084 2235 grande
1120 2172 1337 2222 mortalis
1372 2173 1479 2223 aevi
1515 2172 1741 2236 spatium,
1774 2173 1915 2223 multi

248 2253 457 2303 fortuitis
499 2253 708 2314 casibus,
755 2253 1150 2317 promptissimus
1191 2253 1401 2318 quisque
1442 2254 1643 2304 saevitia
1682 2253 1915 2318 principis
1941 2268 1989 2308 25

248 2335 613 2395 interciderunt,
651 2335 794 2399 pauci
828 2346 889 2396 et,
930 2345 983 2385 ut
1019 2336 1086 2385 ita
1123 2327 1342 2397 dixerim,
1380 2354 1481 2386 non
1520 2338 1674 2386 modo
1706 2335 1915 2386 aliorum

249 2418 338 2465 sed
362 2416 509 2465 etiam
535 2417 688 2465 nostri
714 2417 998 2480 superstites
1023 2417 1206 2479 sumus,
1230 2418 1469 2483 exemptis
1487 2436 1516 2468 e
1535 2417 1699 2468 niedia
1722 2418 1820 2468 vita
1844 2427 1916 2468 tot

248 2497 404 2556 annis,
433 2498 613 2561 quibus
650 2498 851 2548 iuvenes
882 2501 947 2549 ad
981 2509 1301 2561 senectutem,
1330 2518 1473 2550 senes
1506 2517 1659 2564 prope
1689 2501 1755 2550 ad
1784 2498 1917 2563 ipsos

206 2592 226 2630 3
250 2588 449 2628 exactae
472 2579 644 2629 aetatis
670 2581 905 2631 terminos
930 2599 1016 2646 per
1041 2571 1289 2632 silentium
1313 2582 1550 2632 venimus.
1624 2599 1725 2631 non
1750 2590 1916 2634 tamen

251 2659 436 2724 pigebit
466 2662 542 2710 vel
574 2661 828 2712 incondita
859 2680 919 2712 ac
951 2663 1059 2713 rudi
1095 2681 1218 2714 voce
1252 2663 1539 2719 memoriam
1571 2662 1743 2726 prioris
1776 2661 1918 2712 servi·
1941 2673 1994 2714 30

252 2740 369 2791 tutis
414 2758 473 2791 ac
520 2732 858 2793 testimonium
900 2745 1231 2807 praesentium
1275 2733 1519 2795 bonorum
1562 2742 1912 2808 composuisse.

310 2885 334 2922 4
363 2885 509 2912 vocem
531 2886 615 2912 om.
637 2880 672 2912 Δ
823 2876 849 2913 8
877 2876 1039 2924 grande
1061 2889 1141 2916 om.
1164 2881 1200 2915 Δ
1326 2887 1372 2926 15
1403 2874 1673 2915 dissolubiles
1694 2880 1730 2914 Δ
1864 2887 1917 2925 24

256 2926 374 2965 multi
395 2927 506 2977 Lz'ps.
526 2941 533 2965 :
568 2928 709 2967 multis
725 2928 835 2968 codd.
964 2932 1017 2968 26
1047 2936 1103 2978 et,
1126 2935 1171 2968 ut
1191 2930 1270 2982 ita]
1292 2936 1336 2969 et
1355 2930 1414 2969 uti
1435 2929 1575 2971 codd.:
1607 2935 1653 2968 ut
1675 2928 1733 2969 ita
1752 2929 1915 2970 Rhea:

257 2987 300 3018 ut
321 2981 382 3020 sic
411 2981 586 3032 Wc’ilfflin
775 2996 829 3032 30
858 2985 1077 3023 servitutis
1102 2984 1293 3035 Ursinus,
1316 2984 1429 3035 La‘ps.·
1448 2998 1457 3023 z
1486 2984 1718 3024 senectutis
1738 2983 1847 3024 codd.
