2138 3470
775 172 1121 221 CORNELII
1158 172 1403 223 TACITI

254 327 363 362 sum
388 328 530 362 aures
555 320 682 373 tuae,
713 314 953 373 Materne,
981 321 1226 377 respuant,
1254 312 1335 362 cui
1366 313 1504 363 bono
1529 321 1616 374 est,
1644 311 1685 362 si
1713 313 1849 378 apud
1873 321 1923 364 te

253 396 602 458 Agamemnon
626 403 712 444 aut
738 396 888 443 Iason
913 393 1093 443 diserte
1117 393 1370 458 loquitur?
1439 393 1549 458 quis
1574 394 1690 444 ideo
1713 395 1922 444 domum

253 477 486 526 defensus
528 485 577 525 et
618 475 708 525 tibi
750 475 994 540 obligatus
1035 474 1197 525 redit?
1265 474 1376 539 quis
1417 474 1635 525 Saleium
1680 485 1919 538 nostrum,

253 556 500 621 egregium
533 565 734 621 poetam
763 559 854 617 vel,
883 556 924 606 si
959 558 1057 606 hoc
1091 555 1498 606 honorificentius
1531 565 1617 617 est,
1645 556 1924 621 praeclaris-

203 658 226 696 3
252 639 433 688 simum
457 648 633 699 vatem,
662 638 866 688 deducit
889 647 974 687 aut
1003 640 1181 687 salutat
1207 647 1293 687 aut
1325 636 1672 702 prosequitur?
1739 655 1922 702 nempe
1945 655 1967 694 5

251 720 292 769 si
329 719 517 770 amicus
556 720 674 781 eius,
715 720 756 769 si
797 719 1117 784 propinquus,
1157 719 1198 768 si
1233 719 1450 783 denique
1490 719 1597 783 ipse
1630 719 1683 769 in
1717 719 1922 784 aliquod

250 801 505 866 negotium
541 801 780 862 inciderit,
808 803 874 851 ad
910 803 1045 850 hunc
1070 802 1357 850 Secundum
1393 810 1606 850 recurret
1640 810 1727 850 aut
1757 802 1825 850 ad
1855 810 1917 862 te,

253 884 492 943 Materne,
522 900 624 932 non
649 883 766 947 quia
794 892 942 946 poeta
967 899 1031 942 eS‚
1060 899 1224 946 neque
1255 891 1310 931 ut
1341 899 1432 947 pro
1457 899 1517 931 eo
1541 899 1709 932 versus
1741 881 1892 932 facias
1908 900 1923 944 ς

249 963 301 1012 hi
327 963 459 1013 enim
486 967 643 1013 Basso
675 964 814 1013 domi
847 973 1128 1024 nascuntur,
1156 963 1348 1028 pulchri
1381 963 1584 1027 quidem
1618 973 1667 1013 et
1698 963 1916 1024 iucundi,

250 1063 462 1110 quorum
487 1056 654 1096 tamen
679 1047 760 1096 hic
786 1046 942 1096 exitus
972 1056 1058 1106 est,
1087 1055 1141 1095 ut
1170 1062 1284 1095 cum
1318 1054 1424 1094 toto
1452 1063 1598 1106 anno,
1627 1062 1714 1110 per
1745 1061 1919 1095 omnes
1946 1061 1996 1090 10

249 1127 368 1188 dies,
398 1144 576 1192 magna
611 1127 833 1177 noctium
870 1137 1008 1191 parte
1043 1144 1198 1176 unum
1235 1126 1415 1176 librum
1445 1126 1644 1176 excudit
1676 1135 1725 1176 et
1757 1129 1921 1176 elucu-

249 1209 418 1269 bravit,
446 1226 616 1273 rogare
641 1212 769 1258 ultro
795 1218 843 1259 et
866 1208 1055 1258 ambire
1080 1217 1294 1272 cogatur,
1322 1216 1377 1258 ut
1409 1207 1507 1256 sint
1539 1207 1624 1271 qui
1655 1207 1920 1272 dignentur

248 1289 432 1351 audire,
461 1299 510 1339 et
535 1307 598 1339 ne
623 1290 675 1340 id
700 1290 903 1354 quidem
927 1289 1073 1354 gratis
1093 1307 1107 1350 3
1142 1306 1258 1338 nam
1283 1298 1332 1338 et
1356 1290 1564 1339 domum
1594 1298 1846 1338 mutuatur
1869 1298 1918 1338 et

249 1371 547 1421 auditorium
574 1371 775 1421 exstruit
800 1381 848 1421 et
873 1370 1105 1420 subsellia
1129 1369 1365 1420 conducit
1383 1379 1432 1420 et
1455 1370 1648 1420 libellos
1667 1370 1914 1435 dispergit.

196 1465 222 1503 4
249 1462 297 1502 et
338 1461 393 1502 ut
433 1453 747 1503 beatissimus
794 1452 1133 1502 recitationem
1181 1452 1285 1502 eius
1327 1461 1531 1502 eventus
1578 1461 1914 1517 prosequatur,
1946 1469 1991 1508 ¹5

249 1534 410 1584 omnis
435 1533 517 1584 illa
542 1536 647 1583 laus
673 1534 799 1583 intra
823 1551 980 1583 unum
1005 1543 1090 1583 aut
1118 1535 1326 1583 alterum
1355 1532 1504 1594 diem,
1531 1535 1665 1583 velut
1689 1533 1740 1582 in
1765 1534 1918 1584 herba

247 1617 323 1664 vel
352 1617 473 1665 flore
505 1624 804 1680 praecerpta‚
832 1617 898 1665 ad
927 1617 1113 1664 nullam
1151 1624 1334 1664 certam
1367 1623 1417 1664 et
1449 1614 1660 1664 solidam
1695 1615 1919 1679 pervenit

246 1698 447 1761 frugem,
487 1713 581 1747 nec
618 1705 703 1746 aut
740 1695 1007 1746 amicitiam
1050 1695 1168 1745 inde
1209 1698 1352 1745 refert
1392 1705 1478 1745 aut
1518 1695 1797 1745 clientelam
1831 1705 1918 1746 aut

247 1794 532 1828 mansurum
565 1778 617 1827 in
649 1777 818 1827 animo
854 1777 1146 1841 cuiusquam
1183 1775 1495 1837 beneficium,
1523 1778 1613 1826 sed
1648 1778 1916 1826 clamorem

198 1872 219 1911 5
246 1876 423 1924 vagum
467 1869 515 1909 et
553 1876 701 1909 voces
743 1858 902 1908 inanis
944 1868 993 1909 et
1033 1858 1268 1923 gaudium
1311 1859 1523 1907 volucre.
1607 1857 1916 1907 laudavimus
1941 1873 1993 1901 20

246 1957 403 2005 nuper
433 1949 488 1990 ut
524 1940 698 1990 miram
731 1949 779 1990 et
815 1939 1044 1990 eximiam
1069 1938 1361 2003 Vespasiani
1396 1937 1749 2000 liberalitatem,
1778 1940 1916 2003 quod

245 2022 513 2087 quingenta
549 2021 769 2072 sestertia
803 2023 958 2071 Basso
994 2022 1240 2071 donasset.
1314 2022 1575 2085 pulchrum
1610 2020 1663 2070 id
1694 2019 1912 2084 quidem,

246 2103 604 2168 indulgentiam
641 2102 874 2167 principis
911 2102 1111 2167 ingenio
1147 2101 1350 2152 mereri:
1388 2110 1575 2166 quanto
1611 2111 1777 2152 tamen
1813 2103 1916 2166 pul-

245 2185 420 2246 chrius,
457 2185 495 2235 si
534 2185 601 2234 ita
642 2202 718 2235 res
759 2184 1008 2235 familiaris
1048 2184 1218 2250 exigat,
1258 2201 1312 2235 se
1350 2184 1512 2249 ipsum
1554 2186 1728 2244 colere,
1769 2200 1914 2233 suum

194 2281 218 2321 6
243 2266 443 2331 genium
470 2266 746 2331 propitiare,
775 2283 916 2316 suam
943 2266 1147 2332 experiri
1172 2265 1512 2317 liberalitatem
1534 2268 1543 2315 1
1609 2264 1752 2314 adice
1775 2265 1914 2328 quod
1940 2281 1988 2322 ²5

243 2348 415 2412 poetis,
444 2348 484 2397 si
519 2349 671 2398 modo
705 2348 911 2414 dignum
948 2349 1136 2413 aliquid
1174 2349 1425 2399 elaborare
1455 2356 1503 2397 et
1531 2347 1723 2397 efficere
1747 2346 1910 2408 velint,

242 2428 566 2492 relinquenda
591 2430 901 2480 conversatio
927 2430 1200 2480 amicorum
1226 2439 1274 2480 et
1299 2428 1579 2479 iucunditas
1603 2427 1750 2488 urbis,
1777 2429 1915 2478 dese-

242 2512 394 2559 renda
418 2520 580 2560 cetera
606 2512 767 2562 officia
794 2522 949 2577 utque
974 2512 1067 2577 ipsi
1092 2512 1278 2572 dicunt,
1306 2511 1357 2560 in
1382 2526 1585 2560 nemora
1609 2518 1658 2559 et
1681 2510 1833 2569 lucos,
1862 2508 1913 2559 id

241 2602 314 2642 est
338 2592 388 2640 in
415 2592 734 2643 solitudinem
764 2596 1100 2645 secedendum
1126 2603 1212 2644 est.

158 2682 216 2717 10
309 2675 387 2723 Ne
413 2673 582 2738 opinio
610 2675 813 2738 quidem
840 2685 888 2725 et
913 2677 1055 2735 fama,
1076 2674 1154 2724 cui
1175 2674 1265 2724 soli
1291 2672 1506 2723 serviunt
1525 2681 1574 2722 et
1591 2672 1730 2735 quod
1754 2688 1911 2721 unum
1939 2685 1988 2725 30

298 2815 346 2853 17
378 2810 632 2855 praecerpta
663 2802 825 2844 Schele:
875 2810 1076 2854 percepta
1111 2802 1242 2841 ABE
1256 2817 1265 2842 ε
1315 2807 1543 2852 praecepta
1578 2799 1701 2839 CDV
1857 2812 1910 2851 25

240 2858 411 2908 genium
436 2856 546 2909 Lips.
568 2872 578 2897 ι
611 2858 824 2908 ingenium
847 2857 959 2898 codd.
1169 2856 1462 2896 liberalitatem
1484 2855 1536 2904 E,
1558 2853 1671 2906 Lips.
1691 2868 1700 2894 z
1742 2854 1911 2894 liberta·

240 2918 326 2951 tem
347 2917 431 2952 cett.
579 2914 633 2952 28
663 2918 793 2962 utque
814 2911 951 2951 AEH
966 2927 975 2952 ε
1004 2924 1126 2962 quae,
1152 2917 1197 2950 ut
1218 2923 1340 2962 quae,
1363 2916 1405 2949 et
1426 2916 1471 2950 ut
1492 2913 1573 2949 cett.
1711 2922 1766 2959 29
1794 2921 1909 2948 sece-

240 2966 424 3005 dendum
450 2965 611 3005 Schele:
644 2967 928 3006 recedendum
950 2965 1063 3006 codd.
