2138 3470
747 163 1091 214 CORNELII
1128 164 1371 214 TACITI

228 303 576 355 collationibus
609 313 657 354 et
692 312 885 354 tantum
917 303 969 353 in
1001 321 1146 354 usum
1183 302 1483 368 proeliorum
1515 302 1731 368 sepositi,
1757 306 1892 362 velut

177 401 200 441 3
228 388 326 436 tela
347 395 498 451 atque
521 403 669 446 arma,
697 385 839 435 bellis
863 389 1181 435 reservantur.
1254 394 1328 436 est
1359 385 1411 435 in
1443 387 1623 436 eodem
1647 386 1892 452 obsequio

228 477 277 518 et
325 467 677 518 Mattiacorum
722 484 842 531 gens
860 486 874 528 3
931 467 1133 531 protulit
1179 467 1313 517 enim
1371 467 1662 532 magnitudo
1718 469 1892 533 populi

229 549 447 599 Romani
493 551 620 598 ultra
646 549 897 597 Rhenum
936 549 1160 617 ultraque
1197 557 1384 598 veteres
1425 548 1662 606 terminos
1699 548 1892 614 imperii

228 629 562 679 reverentiam.
635 628 703 677 ita
727 630 846 678 sede
869 628 1152 692 finibusque
1175 628 1227 678 in
1260 646 1348 679 sua
1370 628 1489 693 ripa,
1516 639 1683 680 mente
1705 630 1892 682 animo·r
1913 647 1938 688 5

226 727 326 774 que
350 709 612 760 nobiscum
650 717 821 773 agunt?
844 718 1006 759 cetera
1037 709 1221 759 similes
1256 709 1468 771 Batavis,
1495 710 1589 761 nisi
1621 713 1759 776 quod
1781 711 1892 777 ipso

226 792 392 841 adhuc
416 800 570 840 terrae
595 807 713 839 suae
738 791 845 840 solo
870 799 919 839 et
943 791 1082 840 caelo
1105 790 1264 840 acrius
1287 790 1579 841 animantur.

171 891 199 931 4
294 874 413 922 Non
449 871 808 921 numeraverim
844 870 970 921 inter
1006 872 1302 922 Germaniae
1333 874 1560 936 populos,
1587 860 1891 938 quamquam

226 962 359 1003 trans
385 954 622 1003 Rhenum
648 951 1034 1015 Danuviumque
1053 951 1380 1013 consederint,
1399 969 1485 1003 eos
1504 953 1590 1017 qui
1605 954 1891 1013 decumates

225 1051 367 1099 agros
415 1042 670 1085 exercent:
730 1032 1005 1084 levissimus
1052 1034 1263 1099 quisque
1310 1035 1566 1084 Gallorum
1620 1043 1670 1085 et
1722 1034 1892 1101 inopia
1917 1035 1968 1082 1'0

225 1116 387 1165 audax
421 1114 604 1165 dubiae
639 1113 965 1179 possessionis
1002 1113 1164 1164 solum
1200 1130 1535 1178 occupavere3
1583 1131 1700 1165 mox
1735 1116 1891 1167 limite

224 1206 338 1247 acto
374 1196 715 1262 promotisque
746 1195 1001 1260 praesidiis
1027 1196 1162 1246 sinus
1186 1196 1378 1261 imperii
1403 1206 1451 1247 et
1475 1213 1586 1261 pars
1609 1197 1892 1262 provinciae

226 1279 483 1329 habentur.

130 1368 200 1416 30
294 1362 438 1412 Ultra
455 1362 547 1410 hos
567 1359 736 1411 Chatti
754 1359 949 1409 initium
968 1359 1099 1410 sedis
1122 1361 1187 1410 ab
1208 1360 1463 1424 Hercynio
1487 1362 1613 1410 saltu
1637 1360 1887 1423 incohant‚

224 1458 327 1492 non
352 1441 419 1491 ita
443 1441 608 1492 effusis
623 1459 682 1491 ac
700 1441 999 1506 palustribus
1017 1441 1139 1492 locis
1158 1451 1213 1492 ut
1237 1451 1427 1492 ceterae
1445 1441 1666 1493 civitates
1689 1442 1741 1493 in
1764 1460 1888 1508 quas
1914 1467 1962 1510 15

224 1522 490 1572 Germania
520 1522 757 1587 patescit:
808 1524 987 1574 durant
1019 1523 1266 1588 siquidem
1301 1525 1467 1585 colles,
1493 1523 1730 1588 paulatim
1767 1541 1889 1579 τῆτες

222 1613 380 1665 scunt,
419 1613 468 1655 et
501 1605 710 1656 Chattos
746 1618 862 1655 suos
891 1607 1043 1656 saltus
1079 1605 1360 1669 Hercynius
1395 1605 1708 1670 prosequitur
1741 1606 1888 1657 simul

174 1706 193 1734 2
220 1695 370 1750 atque
405 1685 624 1750 deponit.
699 1685 897 1736 duriora
933 1685 1069 1750 genti
1104 1703 1323 1750 corpora,
1362 1686 1514 1736 stricti
1549 1696 1695 1747 artuS,
1723 1686 1889 1737 minax

220 1768 383 1816 vultus
420 1776 469 1816 et
507 1767 662 1817 maior
698 1767 850 1816 animi
883 1767 1030 1831 vigor.
1105 1770 1331 1828 multum,
1358 1776 1411 1817 ut
1436 1767 1562 1817 inter
1594 1769 1884 1829 GermanOS,

221 1847 422 1898 rationis
446 1865 504 1897 ac
523 1848 767 1898 sollertiae
787 1868 796 1897 ι
822 1865 1124 1912 praeponere
1149 1850 1347 1909 electOS,
1368 1847 1539 1898 audire
1563 1848 1883 1912 praepositOS,
1912 1874 1964 1903 20

222 1945 368 1979 nosse
404 1929 616 1989 ordineS‚
643 1929 925 1993 intellegere
962 1929 1263 1990 occasiones,
1302 1929 1495 1979 differre
1530 1929 1758 1993 impetuS,
1793 1930 1887 1987 dis-

220 2026 405 2074 ponere
430 2009 578 2070 diem,
607 2012 784 2059 vallare
809 2019 1024 2071 noctem,
1051 2012 1299 2060 fortunam
1324 2010 1450 2060 inter
1474 2009 1640 2071 dubia,
1658 2010 1885 2061 virtutem

220 2089 346 2140 inter
362 2100 494 2141 certa
512 2108 782 2152 numerare,
806 2093 1043 2156 quodque
1070 2091 1370 2142 rarissimum
1395 2108 1489 2142 nec
1513 2090 1607 2141 nisi
1627 2091 1887 2143 Romanae

221 2171 510 2236 disciplinae
558 2189 861 2233 concessam,
882 2234 887 2239 ¹
911 2175 1023 2236 plus
1070 2190 1309 2238 reponere
1357 2172 1407 2222 in
1455 2174 1583 2223 duce
1630 2189 1780 2237 quam
1834 2173 1885 2223 in

170 2272 192 2312 3
221 2252 446 2303 exercitu.
521 2270 671 2303 omne
710 2254 859 2304 robur
894 2252 945 2303 in
981 2254 1162 2318 pedite,
1202 2271 1353 2319 quem
1389 2270 1535 2318 super
1574 2271 1710 2309 arma
1746 2255 1887 2304 ferra-
1911 2269 1959 2310 ²5

220 2334 399 2383 mentis
442 2351 643 2399 quoque
684 2344 732 2384 et
775 2334 931 2399 copiis
974 2344 1211 2385 onerant:
1265 2335 1388 2385 alios
1428 2336 1494 2385 ad
1534 2334 1775 2398 proelium
1817 2334 1885 2384 ire

220 2413 400 2475 videaS,
430 2417 638 2466 Chattos
663 2418 727 2466 ad
762 2417 959 2466 bellum.
1035 2416 1126 2466 rari
1156 2433 1386 2467 excursus
1410 2425 1459 2466 et
1483 2415 1681 2467 fortuita
1703 2432 1880 2479 pugna.

220 2495 518 2558 equestrium
545 2514 664 2546 sane
688 2497 862 2546 virium
900 2497 951 2547 id
987 2497 1254 2561 proprium,
1282 2497 1381 2547 cito
1414 2513 1582 2561 parare
1614 2496 1881 2558 victoriam,

220 2575 318 2624 cito
355 2578 559 2627 cedere:
597 2578 829 2628 velocitas
866 2578 999 2628 iuxta
1035 2578 1365 2639 formidinem,
1401 2577 1649 2628 cunctatio
1684 2578 1884 2643 propior

220 2658 525 2708 constantiae
550 2669 635 2709 est.
1908 2663 1960 2705 30

139 2746 194 2794 31
289 2740 352 2787 Et
387 2738 493 2788 aliis
531 2742 892 2792 Germanorum
934 2740 1130 2806 populis
1167 2750 1453 2805 usurpatum
1486 2756 1593 2790 raro
1625 2750 1674 2790 et
1697 2739 1884 2804 privata

273 2869 299 2906 8
330 2868 691 2908 numerauerimus
711 2869 755 2908 D
919 2883 946 2920 9
975 2869 1250 2910 decumathes
1269 2868 1405 2909 ΑΕΗ
1581 2882 1631 2918 14
1661 2868 1884 2914 incohatur

217 2921 260 2959 A
439 2924 488 2962 16
516 2923 672 2963 durans
701 2922 753 2961 Βι
939 2925 985 2963 18
1016 2924 1164 2976 atque]
1194 2937 1242 2964 ac
1271 2922 1373 2962 AB¹
1555 2935 1608 2974 23
1638 2922 1878 2977 Romanae]

219 2975 382 3015 ratione
404 2974 502 3017 B²C
664 2990 714 3027 27
747 2989 842 3017 raro
862 2977 907 3017 D
1068 2991 1117 3029 31
1152 2990 1248 3017 rara
1267 2975 1368 3017 A¹c
1834 2993 1837 2996 ·
