2138 3470
907 184 1270 234 AGRICOLA

263 322 387 374 versi
410 339 595 373 nonam
619 321 862 386 legionem
896 330 949 372 ut
978 321 1190 372 maxime
1213 321 1479 373 invalidam
1512 334 1660 374 nocte
1691 327 1919 389 adgressi,

262 404 388 455 inter
433 421 664 454 somnum
704 421 763 453 ac
803 403 1181 480 trepidationem
1223 404 1377 453 caesis
1412 404 1644 476 vigilibus
1680 405 1917 470 inrupere.

261 485 460 550 iamque
494 486 546 534 i'n
577 485 693 550 ipsis
726 485 893 534 celstris
926 486 1247 550 pugnabatur,
1277 503 1391 535 eum
1424 486 1653 550 Agricola
1689 487 1779 537 iter
1813 490 1922 538 hos-
1949 510 1968 536 2

261 567 386 616 tium
416 567 480 616 ab
517 564 902 631 exploratoribus
939 568 1145 616 edoctus
1179 576 1227 616 et
1259 567 1472 630 vestigiis
1502 567 1766 629 insecutus,
1794 571 1922 618 velo-

212 668 234 708 5
261 647 485 698 cissimos
518 648 740 712 equitum
776 648 1100 712 peditumque
1135 650 1384 698 adsultare
1413 649 1558 712 tergis
1594 650 1919 713 pugnantium

259 728 408 789 iubet,
438 746 552 777 mox
579 730 643 778 ab
673 723 907 778 universis
939 729 1069 778 adici
1102 731 1402 790 clamorem3
1438 739 1486 779 et
1510 730 1786 800 propinqua
1810 732 1919 779 luce

259 811 436 858 fulsere
460 809 609 884 signa
671 810 737 858 ita
760 809 961 873 ancipiti
981 812 1111 859 malo
1137 809 1287 859 territi
1313 810 1569 871 Britanni,
1605 819 1654 859 et
1679 805 1918 870 Romanis
1947 823 1969 862 3

259 889 402 939 rediit
447 890 652 960 animus,
697 907 756 939 ac
802 890 958 939 securi
1006 908 1094 954 pro
1142 880 1298 939 salute
1345 892 1409 939 de
1455 891 1607 953 gloria
1650 892 1914 940 certabant

258 974 386 1019 ultro
424 971 543 1034 quin
582 971 729 1020 etiam
767 988 980 1035 erupere,
1022 980 1070 1019 et
1111 971 1202 1019 fuit
1243 980 1381 1020 atrox
1422 971 1473 1019 in
1512 971 1629 1034 ipsis
1669 981 1917 1035 portarum

187 1072 235 1100 10
257 1051 492 1114 angustiis
517 1039 769 1115 proelium,
798 1053 960 1100 donec
985 1051 1112 1115 pulsi
1142 1053 1320 1111 hostes,
1350 1048 1578 1114 utroque
1585 1052 1797 1100 exercitu
1822 1069 1919 1100 cer-

257 1140 403 1192 tante,
426 1132 514 1192 his,
537 1141 591 1180 ut
615 1132 782 1181 tulisse
807 1148 966 1195 opem,
990 1131 1094 1191 illis,
1118 1148 1182 1180 ne
1206 1131 1396 1194 eguisse
1418 1131 1599 1180 auxilio
1624 1132 1914 1181 viderentur.

255 1214 392 1276 quod
428 1212 520 1261 nisi
555 1215 761 1276 paludes
797 1222 846 1262 et
882 1213 1030 1262 silvae
1066 1212 1294 1276 fugientis
1331 1212 1575 1274 texissent,
1614 1213 1916 1262 debellatum
1942 1227 1968 1266 4

254 1293 336 1343 illa
358 1293 559 1343 victoria
582 1295 717 1343 foret.

322 1373 477 1425 Cuius
515 1374 815 1424 conscientia
855 1391 914 1423 ac
954 1376 1085 1423 fama
1126 1376 1260 1424 ferox
1306 1374 1542 1424 exercitus
1590 1374 1711 1423 nihil
1752 1374 1916 1424 virtuti
1940 1389 2001 1438 27

185 1475 232 1516 15
255 1471 372 1504 suae
400 1454 587 1504 invium
619 1463 668 1504 et
703 1457 1057 1519 penetrandam
1095 1455 1421 1526 Caledoniam
1458 1455 1915 1519 inveniendumque

255 1533 457 1581 tandem
506 1531 787 1581 Britanniae
833 1532 1096 1581 terminum
1144 1532 1380 1582 continuo
1427 1532 1724 1596 proeliorum
1772 1549 1916 1599 cursu

254 1613 540 1663 fremebant.
613 1622 761 1676 atque
785 1612 853 1661 illi
878 1614 1031 1662 modo
1055 1613 1187 1662 cauti
1210 1630 1269 1662 ac
1297 1611 1542 1676 sapientes
1565 1612 1779 1678 prompti
1805 1622 1916 1677 post
1943 1634 1962 1660 2

254 1702 486 1743 eventum
522 1710 580 1743 ac
616 1693 918 1757 magniloqui
950 1700 1099 1742 erant.
1173 1687 1480 1757 iniquissima
1514 1695 1638 1743 haec
1673 1694 1914 1743 bellorum

253 1773 483 1824 condicio
519 1783 621 1824 est:
670 1791 902 1839 prospera
944 1791 1117 1824 omnes
1156 1774 1250 1823 sibi
1285 1774 1549 1834 vindicant,
1591 1776 1795 1823 adversa
1829 1774 1915 1823 uni

180 1873 232 1902 20
253 1854 567 1919 imputantur.
639 1864 690 1904 at
728 1854 949 1904 Britanni
987 1872 1090 1905 non
1128 1855 1304 1904 virtute
1338 1872 1395 1915 se,
1435 1856 1524 1904 sed
1565 1854 1825 1904 occasione
1868 1864 1916 1904 et
1939 1871 1961 1909 3

251 1945 354 1985 arte
400 1935 540 1985 ducis
580 1937 721 1985 vzktos
766 1935 868 1996 rati,
913 1935 1035 1984 nihil
1082 1953 1141 1985 ex
1186 1935 1472 1998 adrogantia
1512 1935 1768 1995 remittere,
1815 1952 1915 1998 quo

252 2016 415 2065 minus
438 2015 742 2065 iuventutem
767 2026 1022 2076 armarent,
1052 2015 1286 2079 coniuges
1311 2033 1369 2064 ac
1394 2015 1572 2065 liberos
1601 2016 1652 2063 in
1676 2018 1786 2064 loca
1810 2024 1914 2064 tuta

251 2099 574 2157 transferrent,
609 2096 832 2146 coetibus
856 2111 914 2146 ac
940 2096 1187 2146 sacrificiis
1213 2096 1628 2160 conspirationem
1661 2095 1912 2145 civitatum

252 2178 507 2228 sancirent.
579 2186 727 2242 atque
751 2178 826 2226 ita>
842 2177 1046 2227 inritatis
1074 2177 1320 2240 utrimque
1345 2176 1521 2225 animis
1546 2177 1830 2226 discessum.

179 2279 227 2319 25
320 2260 511 2308 Eadem
556 2267 740 2308 aestate
786 2260 962 2307 cohors
1013 2257 1285 2321 Usiporum
1334 2274 1420 2321 per
1467 2256 1754 2305 Germanias
1802 2273 1914 2305 con·
1937 2258 2000 2304 28

251 2339 429 2403 scripta
466 2348 515 2388 et
551 2339 602 2387 in
641 2339 944 2388 Britanniam
989 2338 1272 2388 transmissa
1316 2354 1550 2400 magnum
1585 2353 1643 2385 ac
1678 2354 1914 2386 memora-

250 2419 348 2469 bile
379 2419 568 2469 faeinus
599 2436 718 2468 ausa
754 2429 838 2469 est.
914 2421 1079 2470 occiso
1119 2419 1406 2470 centurione
1443 2435 1501 2467 ac
1539 2416 1787 2478 militibus,
1828 2418 1911 2481 qui
1940 2441 1958 2467 2

249 2502 314 2550 ad
349 2502 639 2550 tradendam
674 2501 985 2566 disciplinam
1023 2501 1213 2550 inmixti
1251 2499 1513 2564 manipulis
1550 2501 1829 2563 exemplum
1864 2509 1912 2548 et

250 2589 460 2630 rectores
496 2582 818 2643 habebantur,
849 2582 933 2632 tris
967 2582 1231 2632 liburnicas
1268 2581 1455 2631 adactis
1491 2598 1578 2645 per
1609 2579 1708 2628 vim
1743 2580 1913 2643 guber-

180 2681 230 2720 30
251 2660 502 2731 natoribus
533 2665 830 2725 ascendere3
865 2672 914 2713 et
951 2680 1052 2713 uno
1096 2662 1406 2738 †remigante‚
1445 2661 1683 2727 suspectis
1715 2661 1911 2711 duobus

305 2793 331 2831 8
360 2794 485 2833 rediit
514 2792 635 2832 Wex:
668 2793 775 2834 redit
804 2792 912 2832 codd.
1082 2804 1127 2830 11
1160 2797 1206 2830 ut
1235 2769 1383 2830 tuusIse
1410 2791 1534 2831 pua:
1582 2791 1775 2830 intunsse
1803 2790 1910 2828 codd.

255 2855 321 2896 15··
333 2848 643 2896 penetrandum
667 2853 703 2885 Δ
846 2849 895 2885 16
925 2847 1178 2897 proeliorum
1199 2844 1358 2884 Rhea*
1391 2846 1594 2895 praelium
1618 2845 1728 2884 codd.
1859 2857 1912 2882 20

250 2912 298 2938 se
318 2900 413 2940 add.
442 2900 583 2939 Walch
723 2913 772 2939 21
805 2901 940 2940 victos
961 2899 1053 2940 add.
1078 2900 1190 2950 Ltps.
1338 2910 1390 2948 25
1420 2899 1651 2948 usipiorum
1674 2905 1710 2936 Δ
1858 2899 1910 2936 28

203 2995 206 2999 ,
251 2954 415 2993 inmixti
446 2954 573 2995 Put.:
605 2955 793 2993 inmixtis
828 2954 935 2993 codd.
1114 2966 1168 3004 30
1196 2953 1449 3003 remigrante
1478 2953 1604 2992 Put.:
1637 2952 1910 3001 renavigante

251 3007 425 3046 Matzell
439 3021 448 3046 2
482 3014 595 3047 retro
616 3009 851 3058 remigante
874 3007 1115 3048 Gudemcm:
1148 3008 1311 3058 refugo,
1335 3013 1433 3046 ante
1459 3007 1614 3047 Urlichs
