<?xml version="1.0" encoding="UTF-8"?>
<!DOCTYPE html PUBLIC "-//W3C//DTD XHTML 1.0 Transitional//EN"
    "http://www.w3.org/TR/xhtml1/DTD/xhtml1-transitional.dtd">
<html xmlns="http://www.w3.org/1999/xhtml" xml:lang="en" lang="en">
 <head>
  <title>
</title>
<meta http-equiv="Content-Type" content="text/html;charset=utf-8" />
  <meta name='ocr-system' content='tesseract 3.04.00' />
  <meta name='ocr-capabilities' content='ocr_page ocr_carea ocr_par ocr_line ocrx_word'/>
</head>
<body>
  <div class='ocr_page' id='page_1' title='image "./operaminorarecog00taciuoft_0024.png"; bbox 0 0 2138 3470; ppageno 0'>
   <div class='ocr_carea' id='block_1_1' title="bbox 746 167 1371 229">
    <p class='ocr_par' dir='ltr' id='par_1_1' title="bbox 746 167 1371 229">
     <span class='ocr_line' id='line_1_1' title="bbox 746 167 1371 229; baseline -0.005 -12"><span class='ocrx_word' id='word_1_1' title='bbox 746 167 1091 229; x_wconf 79' lang='lat' dir='ltr'><strong>CORNELII</strong></span> <span class='ocrx_word' id='word_1_2' title='bbox 1128 167 1371 217; x_wconf 87' lang='lat' dir='ltr'><strong>TACITI</strong></span> 
     </span>
    </p>
   </div>
   <div class='ocr_carea' id='block_1_2' title="bbox 136 306 1966 2820">
    <p class='ocr_par' dir='ltr' id='par_1_2' title="bbox 228 306 1892 372">
     <span class='ocr_line' id='line_1_2' title="bbox 228 306 1892 372; baseline 0.001 -15"><span class='ocrx_word' id='word_1_3' title='bbox 228 306 355 357; x_wconf 87' lang='lat' dir='ltr'><strong>sicut</strong></span> <span class='ocrx_word' id='word_1_4' title='bbox 379 310 630 357; x_wconf 85' lang='lat' dir='ltr'><strong>Sarmatae</strong></span> <span class='ocrx_word' id='word_1_5' title='bbox 653 323 713 357; x_wconf 91' lang='lat' dir='ltr'><strong>ac</strong></span> <span class='ocrx_word' id='word_1_6' title='bbox 737 306 918 368; x_wconf 88' lang='lat' dir='ltr'><strong>Parthi,</strong></span> <span class='ocrx_word' id='word_1_7' title='bbox 945 308 1035 356; x_wconf 89' lang='lat' dir='ltr'><strong>sed</strong></span> <span class='ocrx_word' id='word_1_8' title='bbox 1067 306 1233 356; x_wconf 88' lang='lat' dir='ltr'><strong>stricta</strong></span> <span class='ocrx_word' id='word_1_9' title='bbox 1264 316 1313 357; x_wconf 88' lang='lat' dir='ltr'><strong>et</strong></span> <span class='ocrx_word' id='word_1_10' title='bbox 1341 307 1560 372; x_wconf 91' lang='lat' dir='ltr'><strong>singulos</strong></span> <span class='ocrx_word' id='word_1_11' title='bbox 1582 317 1715 358; x_wconf 92' lang='lat' dir='ltr'><strong>artus</strong></span> <span class='ocrx_word' id='word_1_12' title='bbox 1739 306 1892 372; x_wconf 86' lang='lat' dir='ltr'><strong>expri-</strong></span> 
     </span>
    </p>

    <p class='ocr_par' dir='ltr' id='par_1_3' title="bbox 183 387 1936 698">
     <span class='ocr_line' id='line_1_3' title="bbox 183 387 1888 454; baseline 0.001 -16"><span class='ocrx_word' id='word_1_13' title='bbox 183 406 204 433; x_wconf 82' lang='lat'><em>2</em></span> <span class='ocrx_word' id='word_1_14' title='bbox 229 398 409 440; x_wconf 91' lang='lat' dir='ltr'><strong>mente.</strong></span> <span class='ocrx_word' id='word_1_15' title='bbox 481 397 655 453; x_wconf 91' lang='lat' dir='ltr'><strong>gerunt</strong></span> <span class='ocrx_word' id='word_1_16' title='bbox 679 397 729 438; x_wconf 92' lang='lat' dir='ltr'><strong>et</strong></span> <span class='ocrx_word' id='word_1_17' title='bbox 751 390 963 438; x_wconf 89' lang='lat' dir='ltr'><strong>ferarum</strong></span> <span class='ocrx_word' id='word_1_18' title='bbox 986 387 1142 452; x_wconf 91' lang='lat' dir='ltr'><strong>pellis,</strong></span> <span class='ocrx_word' id='word_1_19' title='bbox 1168 387 1378 452; x_wconf 85' lang='lat' dir='ltr'><strong>proximi</strong></span> <span class='ocrx_word' id='word_1_20' title='bbox 1401 387 1536 453; x_wconf 87' lang='lat' dir='ltr'><strong>ripae</strong></span> <span class='ocrx_word' id='word_1_21' title='bbox 1559 390 1888 454; x_wconf 87' lang='lat' dir='ltr'><strong>neglegenter,</strong></span> 
     </span>
     <span class='ocr_line' id='line_1_4' title="bbox 226 468 1886 534; baseline -0.001 -14"><span class='ocrx_word' id='word_1_22' title='bbox 226 470 480 520; x_wconf 87' lang='lat' dir='ltr'><strong>ulteriores</strong></span> <span class='ocrx_word' id='word_1_23' title='bbox 496 468 798 534; x_wconf 83' lang='lat' dir='ltr'><strong>exquisitius,</strong></span> <span class='ocrx_word' id='word_1_24' title='bbox 818 477 874 518; x_wconf 89' lang='lat' dir='ltr'><strong>ut</strong></span> <span class='ocrx_word' id='word_1_25' title='bbox 892 468 1074 532; x_wconf 89' lang='lat' dir='ltr'><strong>quibus</strong></span> <span class='ocrx_word' id='word_1_26' title='bbox 1097 470 1261 518; x_wconf 90' lang='lat' dir='ltr'><strong>nullus</strong></span> <span class='ocrx_word' id='word_1_27' title='bbox 1279 485 1368 532; x_wconf 94' lang='lat' dir='ltr'><strong>per</strong></span> <span class='ocrx_word' id='word_1_28' title='bbox 1390 468 1689 519; x_wconf 91' lang='lat' dir='ltr'><strong>commercia</strong></span> <span class='ocrx_word' id='word_1_29' title='bbox 1711 471 1886 520; x_wconf 90' lang='lat' dir='ltr'><strong>cultus.</strong></span> 
     </span>
     <span class='ocr_line' id='line_1_5' title="bbox 227 549 1889 616; baseline 0 -15"><span class='ocrx_word' id='word_1_30' title='bbox 227 551 413 616; x_wconf 87' lang='lat' dir='ltr'><strong>eligunt</strong></span> <span class='ocrx_word' id='word_1_31' title='bbox 436 554 562 601; x_wconf 87' lang='lat' dir='ltr'><strong>feras</strong></span> <span class='ocrx_word' id='word_1_32' title='bbox 586 559 636 600; x_wconf 90' lang='lat' dir='ltr'><strong>et</strong></span> <span class='ocrx_word' id='word_1_33' title='bbox 660 552 882 600; x_wconf 89' lang='lat' dir='ltr'><strong>detracta</strong></span> <span class='ocrx_word' id='word_1_34' title='bbox 903 549 1150 600; x_wconf 91' lang='lat' dir='ltr'><strong>velamina</strong></span> <span class='ocrx_word' id='word_1_35' title='bbox 1172 559 1406 614; x_wconf 90' lang='lat' dir='ltr'><strong>spargunt</strong></span> <span class='ocrx_word' id='word_1_36' title='bbox 1429 550 1635 600; x_wconf 90' lang='lat' dir='ltr'><strong>maculis</strong></span> <span class='ocrx_word' id='word_1_37' title='bbox 1658 550 1889 616; x_wconf 85' lang='lat' dir='ltr'><strong>pellibus-</strong></span> 
     </span>
     <span class='ocr_line' id='line_1_6' title="bbox 227 631 1936 698; baseline 0.001 -15"><span class='ocrx_word' id='word_1_38' title='bbox 227 650 325 698; x_wconf 93' lang='lat' dir='ltr'><strong>que</strong></span> <span class='ocrx_word' id='word_1_39' title='bbox 348 634 620 693; x_wconf 90' lang='lat' dir='ltr'><strong>beluarum,</strong></span> <span class='ocrx_word' id='word_1_40' title='bbox 648 649 771 696; x_wconf 91' lang='lat' dir='ltr'><strong>quas</strong></span> <span class='ocrx_word' id='word_1_41' title='bbox 795 631 1004 681; x_wconf 87' lang='lat' dir='ltr'><strong>exterior</strong></span> <span class='ocrx_word' id='word_1_42' title='bbox 1041 632 1273 682; x_wconf 90' lang='lat' dir='ltr'><strong>Oceanus</strong></span> <span class='ocrx_word' id='word_1_43' title='bbox 1310 640 1460 696; x_wconf 92' lang='lat' dir='ltr'><strong>atque</strong></span> <span class='ocrx_word' id='word_1_44' title='bbox 1497 631 1722 696; x_wconf 88' lang='lat' dir='ltr'><strong>ignotum</strong></span> <span class='ocrx_word' id='word_1_45' title='bbox 1753 650 1888 684; x_wconf 86' lang='lat' dir='ltr'><strong>mare</strong></span> <span class='ocrx_word' id='word_1_46' title='bbox 1911 646 1936 689; x_wconf 89' lang='lat'><strong>5</strong></span> 
     </span>
    </p>

    <p class='ocr_par' dir='ltr' id='par_1_4' title="bbox 180 712 1892 1023">
     <span class='ocr_line' id='line_1_7' title="bbox 180 712 1890 779; baseline 0.001 -15"><span class='ocrx_word' id='word_1_47' title='bbox 180 733 204 772; x_wconf 83' lang='lat'><strong>3</strong></span> <span class='ocrx_word' id='word_1_48' title='bbox 225 713 391 779; x_wconf 88' lang='lat' dir='ltr'><strong>gignit.</strong></span> <span class='ocrx_word' id='word_1_49' title='bbox 464 731 558 763; x_wconf 92' lang='lat' dir='ltr'><strong>nec</strong></span> <span class='ocrx_word' id='word_1_50' title='bbox 598 713 723 763; x_wconf 89' lang='lat' dir='ltr'><strong>alius</strong></span> <span class='ocrx_word' id='word_1_51' title='bbox 763 712 961 762; x_wconf 90' lang='lat' dir='ltr'><strong>feminis</strong></span> <span class='ocrx_word' id='word_1_52' title='bbox 998 728 1150 777; x_wconf 92' lang='lat' dir='ltr'><strong>quam</strong></span> <span class='ocrx_word' id='word_1_53' title='bbox 1195 712 1309 763; x_wconf 89' lang='lat' dir='ltr'><strong>viris</strong></span> <span class='ocrx_word' id='word_1_54' title='bbox 1355 713 1567 775; x_wconf 83' lang='lat' dir='ltr'><strong>habituS,</strong></span> <span class='ocrx_word' id='word_1_55' title='bbox 1615 713 1710 765; x_wconf 90' lang='lat' dir='ltr'><strong>nisi</strong></span> <span class='ocrx_word' id='word_1_56' title='bbox 1751 715 1890 779; x_wconf 91' lang='lat' dir='ltr'><strong>quod</strong></span> 
     </span>
     <span class='ocr_line' id='line_1_8' title="bbox 224 793 1892 860; baseline 0 -15"><span class='ocrx_word' id='word_1_57' title='bbox 224 794 440 845; x_wconf 90' lang='lat' dir='ltr'><strong>feminae</strong></span> <span class='ocrx_word' id='word_1_58' title='bbox 479 794 674 859; x_wconf 89' lang='lat' dir='ltr'><strong>saepius</strong></span> <span class='ocrx_word' id='word_1_59' title='bbox 709 793 853 844; x_wconf 91' lang='lat' dir='ltr'><strong>lineis</strong></span> <span class='ocrx_word' id='word_1_60' title='bbox 893 793 1157 844; x_wconf 86' lang='lat' dir='ltr'><strong>amictibus</strong></span> <span class='ocrx_word' id='word_1_61' title='bbox 1193 796 1418 845; x_wconf 90' lang='lat' dir='ltr'><strong>velantur</strong></span> <span class='ocrx_word' id='word_1_62' title='bbox 1453 810 1641 860; x_wconf 90' lang='lat' dir='ltr'><strong>eosque</strong></span> <span class='ocrx_word' id='word_1_63' title='bbox 1675 812 1892 860; x_wconf 88' lang='lat' dir='ltr'><strong>purpura</strong></span> 
     </span>
     <span class='ocr_line' id='line_1_9' title="bbox 223 866 1891 941; baseline -0.001 -14"><span class='ocrx_word' id='word_1_64' title='bbox 223 877 426 938; x_wconf 90' lang='lat' dir='ltr'><strong>variant,</strong></span> <span class='ocrx_word' id='word_1_65' title='bbox 463 886 755 941; x_wconf 91' lang='lat' dir='ltr'><strong>partemque</strong></span> <span class='ocrx_word' id='word_1_66' title='bbox 787 875 993 926; x_wconf 89' lang='lat' dir='ltr'><strong>vestitus</strong></span> <span class='ocrx_word' id='word_1_67' title='bbox 1031 866 1293 940; x_wconf 84' lang='lat' dir='ltr'><strong>superioris</strong></span> <span class='ocrx_word' id='word_1_68' title='bbox 1334 876 1386 926; x_wconf 91' lang='lat' dir='ltr'><strong>in</strong></span> <span class='ocrx_word' id='word_1_69' title='bbox 1422 876 1641 929; x_wconf 87' lang='lat' dir='ltr'><strong>manicas</strong></span> <span class='ocrx_word' id='word_1_70' title='bbox 1674 894 1778 927; x_wconf 90' lang='lat' dir='ltr'><strong>non</strong></span> <span class='ocrx_word' id='word_1_71' title='bbox 1813 894 1891 926; x_wconf 89' lang='lat' dir='ltr'><strong>ex-</strong></span> 
     </span>
     <span class='ocr_line' id='line_1_10' title="bbox 223 957 1889 1023; baseline -0.001 -14"><span class='ocrx_word' id='word_1_72' title='bbox 223 961 451 1020; x_wconf 91' lang='lat' dir='ltr'><strong>tendunt,</strong></span> <span class='ocrx_word' id='word_1_73' title='bbox 490 961 654 1008; x_wconf 91' lang='lat' dir='ltr'><strong>nudae</strong></span> <span class='ocrx_word' id='word_1_74' title='bbox 690 957 922 1007; x_wconf 91' lang='lat' dir='ltr'><strong>bracchia</strong></span> <span class='ocrx_word' id='word_1_75' title='bbox 952 975 1013 1007; x_wconf 89' lang='lat' dir='ltr'><strong>ac</strong></span> <span class='ocrx_word' id='word_1_76' title='bbox 1035 960 1275 1020; x_wconf 82' lang='lat' dir='ltr'><strong>lacertos3</strong></span> <span class='ocrx_word' id='word_1_77' title='bbox 1314 960 1405 1009; x_wconf 91' lang='lat' dir='ltr'><strong>sed</strong></span> <span class='ocrx_word' id='word_1_78' title='bbox 1440 968 1489 1009; x_wconf 89' lang='lat' dir='ltr'><strong>et</strong></span> <span class='ocrx_word' id='word_1_79' title='bbox 1519 959 1743 1023; x_wconf 87' lang='lat' dir='ltr'><strong>proxima</strong></span> <span class='ocrx_word' id='word_1_80' title='bbox 1775 975 1889 1023; x_wconf 91' lang='lat' dir='ltr'><strong>pars</strong></span> 
     </span>
    </p>

    <p class='ocr_par' dir='ltr' id='par_1_5' title="bbox 175 1039 1966 1435">
     <span class='ocr_line' id='line_1_11' title="bbox 175 1039 1966 1108; baseline -0.002 -15"><span class='ocrx_word' id='word_1_81' title='bbox 175 1060 201 1100; x_wconf 90' lang='lat'>4</span> <span class='ocrx_word' id='word_1_82' title='bbox 223 1041 437 1108; x_wconf 89' lang='lat' dir='ltr'><strong>pectoris</strong></span> <span class='ocrx_word' id='word_1_83' title='bbox 483 1050 631 1106; x_wconf 78' lang='lat' dir='ltr'><strong>patet.</strong></span> <span class='ocrx_word' id='word_1_84' title='bbox 716 1057 1021 1105; x_wconf 89' lang='lat' dir='ltr'><strong>quamquam</strong></span> <span class='ocrx_word' id='word_1_85' title='bbox 1069 1058 1237 1091; x_wconf 90' lang='lat' dir='ltr'><strong>severa</strong></span> <span class='ocrx_word' id='word_1_86' title='bbox 1282 1039 1383 1090; x_wconf 89' lang='lat' dir='ltr'><strong>illic</strong></span> <span class='ocrx_word' id='word_1_87' title='bbox 1428 1040 1761 1102; x_wconf 70' lang='lat' dir='ltr'><strong>matrimonia,</strong></span> <span class='ocrx_word' id='word_1_88' title='bbox 1793 1057 1888 1091; x_wconf 90' lang='lat' dir='ltr'><strong>nec</strong></span> <span class='ocrx_word' id='word_1_89' title='bbox 1913 1053 1966 1084; x_wconf 87' lang='lat'><strong>10</strong></span> 
     </span>
     <span class='ocr_line' id='line_1_12' title="bbox 223 1121 1889 1186; baseline -0.001 -12"><span class='ocrx_word' id='word_1_90' title='bbox 223 1126 376 1174; x_wconf 92' lang='lat' dir='ltr'><strong>ullam</strong></span> <span class='ocrx_word' id='word_1_91' title='bbox 414 1140 609 1173; x_wconf 90' lang='lat' dir='ltr'><strong>morum</strong></span> <span class='ocrx_word' id='word_1_92' title='bbox 650 1131 841 1186; x_wconf 91' lang='lat' dir='ltr'><strong>partem</strong></span> <span class='ocrx_word' id='word_1_93' title='bbox 882 1121 1037 1186; x_wconf 88' lang='lat' dir='ltr'><strong>magis</strong></span> <span class='ocrx_word' id='word_1_94' title='bbox 1078 1121 1365 1172; x_wconf 88' lang='lat' dir='ltr'><strong>laudaveris.</strong></span> <span class='ocrx_word' id='word_1_95' title='bbox 1438 1137 1554 1172; x_wconf 91' lang='lat' dir='ltr'><strong>nam</strong></span> <span class='ocrx_word' id='word_1_96' title='bbox 1594 1139 1750 1186; x_wconf 90' lang='lat' dir='ltr'><strong>prope</strong></span> <span class='ocrx_word' id='word_1_97' title='bbox 1795 1121 1889 1175; x_wconf 90' lang='lat' dir='ltr'><strong>soli</strong></span> 
     </span>
     <span class='ocr_line' id='line_1_13' title="bbox 224 1203 1890 1268; baseline -0.001 -12"><span class='ocrx_word' id='word_1_98' title='bbox 224 1206 544 1256; x_wconf 91' lang='lat' dir='ltr'><strong>barbarorum</strong></span> <span class='ocrx_word' id='word_1_99' title='bbox 577 1203 779 1268; x_wconf 90' lang='lat' dir='ltr'><strong>singulis</strong></span> <span class='ocrx_word' id='word_1_100' title='bbox 804 1203 1039 1254; x_wconf 86' lang='lat' dir='ltr'><strong>uxoribus</strong></span> <span class='ocrx_word' id='word_1_101' title='bbox 1071 1203 1294 1254; x_wconf 90' lang='lat' dir='ltr'><strong>contenti</strong></span> <span class='ocrx_word' id='word_1_102' title='bbox 1326 1211 1454 1264; x_wconf 92' lang='lat' dir='ltr'><strong>sunt,</strong></span> <span class='ocrx_word' id='word_1_103' title='bbox 1481 1203 1697 1268; x_wconf 90' lang='lat' dir='ltr'><strong>exeeptis</strong></span> <span class='ocrx_word' id='word_1_104' title='bbox 1719 1204 1890 1254; x_wconf 87' lang='lat' dir='ltr'><strong>admo-</strong></span> 
     </span>
     <span class='ocr_line' id='line_1_14' title="bbox 224 1284 1888 1352; baseline -0.001 -13"><span class='ocrx_word' id='word_1_105' title='bbox 224 1290 347 1341; x_wconf 81' lang='lat' dir='ltr'><strong>dum</strong></span> <span class='ocrx_word' id='word_1_106' title='bbox 377 1287 562 1352; x_wconf 80' lang='lat' dir='ltr'><strong>pauciS,</strong></span> <span class='ocrx_word' id='word_1_107' title='bbox 597 1285 683 1351; x_wconf 91' lang='lat' dir='ltr'><strong>qui</strong></span> <span class='ocrx_word' id='word_1_108' title='bbox 718 1303 821 1337; x_wconf 91' lang='lat' dir='ltr'><strong>non</strong></span> <span class='ocrx_word' id='word_1_109' title='bbox 856 1285 1064 1337; x_wconf 91' lang='lat' dir='ltr'><strong>libidine</strong></span> <span class='ocrx_word' id='word_1_110' title='bbox 1099 1287 1188 1337; x_wconf 91' lang='lat' dir='ltr'><strong>sed</strong></span> <span class='ocrx_word' id='word_1_111' title='bbox 1223 1285 1290 1336; x_wconf 93' lang='lat' dir='ltr'><strong>ob</strong></span> <span class='ocrx_word' id='word_1_112' title='bbox 1326 1284 1635 1336; x_wconf 88' lang='lat' dir='ltr'><strong>nobilitatem</strong></span> <span class='ocrx_word' id='word_1_113' title='bbox 1665 1284 1888 1352; x_wconf 90' lang='lat' dir='ltr'><strong>plurimis</strong></span> 
     </span>
     <span class='ocr_line' id='line_1_15' title="bbox 226 1368 1306 1435; baseline -0.004 -15"><span class='ocrx_word' id='word_1_114' title='bbox 226 1368 411 1435; x_wconf 90' lang='lat' dir='ltr'><strong>nuptiis</strong></span> <span class='ocrx_word' id='word_1_115' title='bbox 456 1368 754 1419; x_wconf 91' lang='lat' dir='ltr'><strong>ambiuntur.</strong></span> <span class='ocrx_word' id='word_1_116' title='bbox 1304 1379 1306 1381; x_wconf 73' lang='grc'><strong><em>’</em></strong></span> 
     </span>
    </p>

    <p class='ocr_par' dir='ltr' id='par_1_6' title="bbox 147 1448 1960 1760">
     <span class='ocr_line' id='line_1_16' title="bbox 147 1448 1960 1511; baseline 0.001 -11"><span class='ocrx_word' id='word_1_117' title='bbox 147 1452 203 1502; x_wconf 92' lang='lat'><strong>18</strong></span> <span class='ocrx_word' id='word_1_118' title='bbox 295 1454 482 1502; x_wconf 91' lang='lat' dir='ltr'><strong>Dotem</strong></span> <span class='ocrx_word' id='word_1_119' title='bbox 519 1469 622 1501; x_wconf 92' lang='lat' dir='ltr'><strong>non</strong></span> <span class='ocrx_word' id='word_1_120' title='bbox 654 1468 777 1501; x_wconf 92' lang='lat' dir='ltr'><strong>uxor</strong></span> <span class='ocrx_word' id='word_1_121' title='bbox 799 1449 990 1511; x_wconf 91' lang='lat' dir='ltr'><strong>marito,</strong></span> <span class='ocrx_word' id='word_1_122' title='bbox 1017 1451 1106 1501; x_wconf 92' lang='lat' dir='ltr'><strong>sed</strong></span> <span class='ocrx_word' id='word_1_123' title='bbox 1129 1448 1269 1500; x_wconf 89' lang='lat' dir='ltr'><strong>uxori</strong></span> <span class='ocrx_word' id='word_1_124' title='bbox 1293 1449 1495 1501; x_wconf 91' lang='lat' dir='ltr'><strong>maritus</strong></span> <span class='ocrx_word' id='word_1_125' title='bbox 1519 1451 1672 1501; x_wconf 86' lang='lat' dir='ltr'><strong>offert.</strong></span> <span class='ocrx_word' id='word_1_126' title='bbox 1744 1448 1889 1501; x_wconf 89' lang='lat' dir='ltr'><strong>inter·</strong></span> <span class='ocrx_word' id='word_1_127' title='bbox 1913 1461 1960 1506; x_wconf 81' lang='lat'><strong>¹5</strong></span> 
     </span>
     <span class='ocr_line' id='line_1_17' title="bbox 224 1531 1887 1598; baseline 0.001 -14"><span class='ocrx_word' id='word_1_128' title='bbox 224 1542 339 1584; x_wconf 90' lang='lat' dir='ltr'><strong>sunt</strong></span> <span class='ocrx_word' id='word_1_129' title='bbox 362 1541 591 1598; x_wconf 85' lang='lat' dir='ltr'><strong>parentes</strong></span> <span class='ocrx_word' id='word_1_130' title='bbox 615 1542 664 1582; x_wconf 90' lang='lat' dir='ltr'><strong>et</strong></span> <span class='ocrx_word' id='word_1_131' title='bbox 687 1531 954 1597; x_wconf 91' lang='lat' dir='ltr'><strong>propinqui</strong></span> <span class='ocrx_word' id='word_1_132' title='bbox 977 1548 1037 1582; x_wconf 92' lang='lat' dir='ltr'><strong>ac</strong></span> <span class='ocrx_word' id='word_1_133' title='bbox 1069 1549 1275 1582; x_wconf 90' lang='lat' dir='ltr'><strong>munera</strong></span> <span class='ocrx_word' id='word_1_134' title='bbox 1302 1533 1529 1596; x_wconf 91' lang='lat' dir='ltr'><strong>probant,</strong></span> <span class='ocrx_word' id='word_1_135' title='bbox 1555 1548 1761 1582; x_wconf 88' lang='lat' dir='ltr'><strong>munera</strong></span> <span class='ocrx_word' id='word_1_136' title='bbox 1783 1549 1887 1586; x_wconf 85' lang='lat' dir='ltr'><strong>non</strong></span> 
     </span>
     <span class='ocr_line' id='line_1_18' title="bbox 221 1613 1888 1680; baseline 0.001 -15"><span class='ocrx_word' id='word_1_137' title='bbox 221 1618 287 1667; x_wconf 87' lang='lat' dir='ltr'><strong>ad</strong></span> <span class='ocrx_word' id='word_1_138' title='bbox 334 1615 535 1666; x_wconf 89' lang='lat' dir='ltr'><strong>delicias</strong></span> <span class='ocrx_word' id='word_1_139' title='bbox 582 1614 849 1665; x_wconf 87' lang='lat' dir='ltr'><strong>muliebres</strong></span> <span class='ocrx_word' id='word_1_140' title='bbox 895 1614 1120 1679; x_wconf 91' lang='lat' dir='ltr'><strong>quaesita</strong></span> <span class='ocrx_word' id='word_1_141' title='bbox 1164 1630 1259 1664; x_wconf 92' lang='lat' dir='ltr'><strong>nec</strong></span> <span class='ocrx_word' id='word_1_142' title='bbox 1312 1613 1495 1678; x_wconf 88' lang='lat' dir='ltr'><strong>quibus</strong></span> <span class='ocrx_word' id='word_1_143' title='bbox 1549 1631 1680 1664; x_wconf 90' lang='lat' dir='ltr'><strong>nova</strong></span> <span class='ocrx_word' id='word_1_144' title='bbox 1731 1623 1888 1680; x_wconf 85' lang='lat' dir='ltr'><strong>nupta</strong></span> 
     </span>
     <span class='ocr_line' id='line_1_19' title="bbox 222 1697 1887 1760; baseline 0.001 -13"><span class='ocrx_word' id='word_1_145' title='bbox 222 1706 459 1758; x_wconf 88' lang='lat' dir='ltr'><strong>comatur,</strong></span> <span class='ocrx_word' id='word_1_146' title='bbox 503 1698 593 1747; x_wconf 91' lang='lat' dir='ltr'><strong>sed</strong></span> <span class='ocrx_word' id='word_1_147' title='bbox 630 1697 785 1747; x_wconf 88' lang='lat' dir='ltr'><strong>boves</strong></span> <span class='ocrx_word' id='word_1_148' title='bbox 831 1706 881 1747; x_wconf 91' lang='lat' dir='ltr'><strong>et</strong></span> <span class='ocrx_word' id='word_1_149' title='bbox 917 1698 1163 1746; x_wconf 86' lang='lat' dir='ltr'><strong>frenatum</strong></span> <span class='ocrx_word' id='word_1_150' title='bbox 1210 1712 1396 1760; x_wconf 91' lang='lat' dir='ltr'><strong>equum</strong></span> <span class='ocrx_word' id='word_1_151' title='bbox 1433 1704 1483 1746; x_wconf 88' lang='lat' dir='ltr'><strong>et</strong></span> <span class='ocrx_word' id='word_1_152' title='bbox 1528 1705 1724 1746; x_wconf 91' lang='lat' dir='ltr'><strong>scutum</strong></span> <span class='ocrx_word' id='word_1_153' title='bbox 1769 1713 1887 1749; x_wconf 89' lang='lat' dir='ltr'><strong>cum</strong></span> 
     </span>
    </p>

    <p class='ocr_par' dir='ltr' id='par_1_7' title="bbox 179 1777 1962 2003">
     <span class='ocr_line' id='line_1_20' title="bbox 179 1777 1888 1843; baseline 0.001 -15"><span class='ocrx_word' id='word_1_154' title='bbox 179 1795 197 1822; x_wconf 86' lang='lat'>2</span> <span class='ocrx_word' id='word_1_155' title='bbox 221 1782 405 1829; x_wconf 92' lang='lat' dir='ltr'><strong>framea</strong></span> <span class='ocrx_word' id='word_1_156' title='bbox 439 1778 717 1842; x_wconf 89' lang='lat' dir='ltr'><strong>gladioque.</strong></span> <span class='ocrx_word' id='word_1_157' title='bbox 790 1778 843 1827; x_wconf 90' lang='lat' dir='ltr'><strong>in</strong></span> <span class='ocrx_word' id='word_1_158' title='bbox 878 1779 1002 1828; x_wconf 91' lang='lat' dir='ltr'><strong>haec</strong></span> <span class='ocrx_word' id='word_1_159' title='bbox 1044 1794 1251 1827; x_wconf 91' lang='lat' dir='ltr'><strong>munera</strong></span> <span class='ocrx_word' id='word_1_160' title='bbox 1290 1794 1413 1827; x_wconf 92' lang='lat' dir='ltr'><strong>uxor</strong></span> <span class='ocrx_word' id='word_1_161' title='bbox 1448 1777 1699 1842; x_wconf 90' lang='lat' dir='ltr'><strong>accipitur,</strong></span> <span class='ocrx_word' id='word_1_162' title='bbox 1736 1787 1888 1843; x_wconf 82' lang='lat' dir='ltr'><strong>atque</strong></span> 
     </span>
     <span class='ocr_line' id='line_1_21' title="bbox 221 1850 1962 1923; baseline 0.001 -14"><span class='ocrx_word' id='word_1_163' title='bbox 221 1859 272 1910; x_wconf 93' lang='lat' dir='ltr'><strong>in</strong></span> <span class='ocrx_word' id='word_1_164' title='bbox 303 1850 463 1909; x_wconf 87' lang='lat' dir='ltr'><strong>vicem</strong></span> <span class='ocrx_word' id='word_1_165' title='bbox 495 1859 602 1923; x_wconf 92' lang='lat' dir='ltr'><strong>ipsa</strong></span> <span class='ocrx_word' id='word_1_166' title='bbox 632 1876 881 1908; x_wconf 91' lang='lat' dir='ltr'><strong>armorum</strong></span> <span class='ocrx_word' id='word_1_167' title='bbox 917 1857 1105 1922; x_wconf 91' lang='lat' dir='ltr'><strong>aliquid</strong></span> <span class='ocrx_word' id='word_1_168' title='bbox 1136 1858 1241 1907; x_wconf 71' lang='lat' dir='ltr'><strong>viro</strong></span> <span class='ocrx_word' id='word_1_169' title='bbox 1271 1859 1459 1909; x_wconf 84' lang='lat' dir='ltr'><strong>adfert:</strong></span> <span class='ocrx_word' id='word_1_170' title='bbox 1494 1861 1592 1909; x_wconf 90' lang='lat' dir='ltr'><strong>hoc</strong></span> <span class='ocrx_word' id='word_1_171' title='bbox 1616 1860 1885 1911; x_wconf 90' lang='lat' dir='ltr'><strong>maximum</strong></span> <span class='ocrx_word' id='word_1_172' title='bbox 1909 1872 1962 1902; x_wconf 83' lang='lat'><strong>20</strong></span> 
     </span>
     <span class='ocr_line' id='line_1_22' title="bbox 220 1938 1889 2003; baseline 0.001 -13"><span class='ocrx_word' id='word_1_173' title='bbox 220 1941 487 2001; x_wconf 87' lang='lat' dir='ltr'><strong>vinculum,</strong></span> <span class='ocrx_word' id='word_1_174' title='bbox 515 1943 639 1990; x_wconf 90' lang='lat' dir='ltr'><strong>haec</strong></span> <span class='ocrx_word' id='word_1_175' title='bbox 674 1957 854 1990; x_wconf 89' lang='lat' dir='ltr'><strong>arcana</strong></span> <span class='ocrx_word' id='word_1_176' title='bbox 886 1957 1036 2000; x_wconf 87' lang='lat' dir='ltr'><strong>sacra,</strong></span> <span class='ocrx_word' id='word_1_177' title='bbox 1063 1941 1156 1989; x_wconf 91' lang='lat' dir='ltr'><strong>hos</strong></span> <span class='ocrx_word' id='word_1_178' title='bbox 1189 1938 1461 2003; x_wconf 91' lang='lat' dir='ltr'><strong>coniugalis</strong></span> <span class='ocrx_word' id='word_1_179' title='bbox 1496 1942 1619 1991; x_wconf 93' lang='lat' dir='ltr'><strong>deos</strong></span> <span class='ocrx_word' id='word_1_180' title='bbox 1653 1941 1889 1992; x_wconf 81' lang='lat' dir='ltr'><strong>arbitran-</strong></span> 
     </span>
    </p>

    <p class='ocr_par' dir='ltr' id='par_1_8' title="bbox 175 2020 1956 2333">
     <span class='ocr_line' id='line_1_23' title="bbox 175 2020 1887 2088; baseline 0.001 -16"><span class='ocrx_word' id='word_1_181' title='bbox 175 2036 199 2077; x_wconf 83' lang='grc'>3</span> <span class='ocrx_word' id='word_1_182' title='bbox 221 2032 309 2073; x_wconf 89' lang='lat' dir='ltr'><strong>tur.</strong></span> <span class='ocrx_word' id='word_1_183' title='bbox 384 2039 447 2072; x_wconf 92' lang='lat' dir='ltr'><strong>ne</strong></span> <span class='ocrx_word' id='word_1_184' title='bbox 494 2039 547 2072; x_wconf 91' lang='lat' dir='ltr'><strong>se</strong></span> <span class='ocrx_word' id='word_1_185' title='bbox 594 2022 770 2071; x_wconf 90' lang='lat' dir='ltr'><strong>mulier</strong></span> <span class='ocrx_word' id='word_1_186' title='bbox 816 2030 951 2071; x_wconf 92' lang='lat' dir='ltr'><strong>extra</strong></span> <span class='ocrx_word' id='word_1_187' title='bbox 995 2020 1230 2070; x_wconf 89' lang='lat' dir='ltr'><strong>virtutum</strong></span> <span class='ocrx_word' id='word_1_188' title='bbox 1284 2021 1607 2085; x_wconf 89' lang='lat' dir='ltr'><strong>cogitationes</strong></span> <span class='ocrx_word' id='word_1_189' title='bbox 1653 2032 1887 2088; x_wconf 86' lang='lat' dir='ltr'><strong>extraque</strong></span> 
     </span>
     <span class='ocr_line' id='line_1_24' title="bbox 221 2101 1883 2169; baseline 0.001 -16"><span class='ocrx_word' id='word_1_190' title='bbox 221 2104 463 2153; x_wconf 92' lang='lat' dir='ltr'><strong>bellorum</strong></span> <span class='ocrx_word' id='word_1_191' title='bbox 490 2120 631 2153; x_wconf 87' lang='lat' dir='ltr'><strong>casus</strong></span> <span class='ocrx_word' id='word_1_192' title='bbox 666 2112 819 2167; x_wconf 91' lang='lat' dir='ltr'><strong>putet,</strong></span> <span class='ocrx_word' id='word_1_193' title='bbox 847 2102 965 2166; x_wconf 90' lang='lat' dir='ltr'><strong>ipsis</strong></span> <span class='ocrx_word' id='word_1_194' title='bbox 997 2101 1278 2166; x_wconf 90' lang='lat' dir='ltr'><strong>incipientis</strong></span> <span class='ocrx_word' id='word_1_195' title='bbox 1314 2103 1614 2154; x_wconf 88' lang='lat' dir='ltr'><strong>matrimonii</strong></span> <span class='ocrx_word' id='word_1_196' title='bbox 1651 2103 1883 2169; x_wconf 88' lang='lat' dir='ltr'><strong>auspiciis</strong></span> 
     </span>
     <span class='ocr_line' id='line_1_25' title="bbox 219 2184 1882 2251; baseline 0.001 -17"><span class='ocrx_word' id='word_1_197' title='bbox 219 2187 515 2235; x_wconf 88' lang='lat' dir='ltr'><strong>admonetur</strong></span> <span class='ocrx_word' id='word_1_198' title='bbox 539 2184 706 2235; x_wconf 90' lang='lat' dir='ltr'><strong>venire</strong></span> <span class='ocrx_word' id='word_1_199' title='bbox 730 2202 784 2234; x_wconf 90' lang='lat' dir='ltr'><strong>se</strong></span> <span class='ocrx_word' id='word_1_200' title='bbox 809 2185 1035 2234; x_wconf 89' lang='lat' dir='ltr'><strong>laborum</strong></span> <span class='ocrx_word' id='word_1_201' title='bbox 1067 2184 1498 2251; x_wconf 89' lang='lat' dir='ltr'><strong>periculorumque</strong></span> <span class='ocrx_word' id='word_1_202' title='bbox 1523 2185 1723 2247; x_wconf 91' lang='lat' dir='ltr'><strong>sociam,</strong></span> <span class='ocrx_word' id='word_1_203' title='bbox 1749 2185 1882 2235; x_wconf 91' lang='lat' dir='ltr'><strong>idem</strong></span> 
     </span>
     <span class='ocr_line' id='line_1_26' title="bbox 220 2265 1956 2333; baseline 0.003 -18"><span class='ocrx_word' id='word_1_204' title='bbox 220 2265 270 2315; x_wconf 92' lang='lat' dir='ltr'><strong>in</strong></span> <span class='ocrx_word' id='word_1_205' title='bbox 295 2283 431 2330; x_wconf 93' lang='lat' dir='ltr'><strong>pace,</strong></span> <span class='ocrx_word' id='word_1_206' title='bbox 459 2265 594 2316; x_wconf 92' lang='lat' dir='ltr'><strong>idem</strong></span> <span class='ocrx_word' id='word_1_207' title='bbox 626 2265 678 2315; x_wconf 93' lang='lat' dir='ltr'><strong>in</strong></span> <span class='ocrx_word' id='word_1_208' title='bbox 711 2266 901 2330; x_wconf 91' lang='lat' dir='ltr'><strong>proelio</strong></span> <span class='ocrx_word' id='word_1_209' title='bbox 933 2283 1188 2331; x_wconf 87' lang='lat' dir='ltr'><strong>passuram</strong></span> <span class='ocrx_word' id='word_1_210' title='bbox 1212 2285 1571 2333; x_wconf 88' lang='lat' dir='ltr'><strong>ausuramque:</strong></span> <span class='ocrx_word' id='word_1_211' title='bbox 1607 2269 1704 2318; x_wconf 92' lang='lat' dir='ltr'><strong>hoc</strong></span> <span class='ocrx_word' id='word_1_212' title='bbox 1727 2266 1882 2317; x_wconf 90' lang='lat' dir='ltr'><strong>iuncti</strong></span> <span class='ocrx_word' id='word_1_213' title='bbox 1908 2278 1956 2320; x_wconf 83' lang='lat'><strong>²5</strong></span> 
     </span>
    </p>

    <p class='ocr_par' dir='ltr' id='par_1_9' title="bbox 171 2348 1885 2644">
     <span class='ocr_line' id='line_1_27' title="bbox 171 2348 1885 2413; baseline 0.001 -16"><span class='ocrx_word' id='word_1_214' title='bbox 171 2365 197 2405; x_wconf 90' lang='lat'>4</span> <span class='ocrx_word' id='word_1_215' title='bbox 219 2348 386 2408; x_wconf 87' lang='lat' dir='ltr'><strong>boves,</strong></span> <span class='ocrx_word' id='word_1_216' title='bbox 413 2350 511 2398; x_wconf 92' lang='lat' dir='ltr'><strong>hoc</strong></span> <span class='ocrx_word' id='word_1_217' title='bbox 547 2358 744 2412; x_wconf 91' lang='lat' dir='ltr'><strong>paratus</strong></span> <span class='ocrx_word' id='word_1_218' title='bbox 782 2366 954 2413; x_wconf 84' lang='lat' dir='ltr'><strong>equuS,</strong></span> <span class='ocrx_word' id='word_1_219' title='bbox 981 2352 1079 2400; x_wconf 93' lang='lat' dir='ltr'><strong>hoc</strong></span> <span class='ocrx_word' id='word_1_220' title='bbox 1114 2352 1232 2400; x_wconf 91' lang='lat' dir='ltr'><strong>data</strong></span> <span class='ocrx_word' id='word_1_221' title='bbox 1264 2368 1400 2400; x_wconf 90' lang='lat' dir='ltr'><strong>arma</strong></span> <span class='ocrx_word' id='word_1_222' title='bbox 1434 2350 1741 2401; x_wconf 89' lang='lat' dir='ltr'><strong>denuntiant.</strong></span> <span class='ocrx_word' id='word_1_223' title='bbox 1813 2348 1885 2399; x_wconf 93' lang='lat' dir='ltr'><strong>sic</strong></span> 
     </span>
     <span class='ocr_line' id='line_1_28' title="bbox 217 2429 1885 2497; baseline 0 -18"><span class='ocrx_word' id='word_1_224' title='bbox 217 2431 499 2491; x_wconf 90' lang='lat' dir='ltr'><strong>vivendum,</strong></span> <span class='ocrx_word' id='word_1_225' title='bbox 522 2430 593 2483; x_wconf 89' lang='lat' dir='ltr'><strong>sic</strong></span> <span class='ocrx_word' id='word_1_226' title='bbox 611 2433 922 2495; x_wconf 90' lang='lat' dir='ltr'><strong>pereundum</strong></span> <span class='ocrx_word' id='word_1_227' title='bbox 943 2451 952 2481; x_wconf 90' lang='lat'><strong>:</strong></span> <span class='ocrx_word' id='word_1_228' title='bbox 988 2432 1212 2497; x_wconf 92' lang='lat' dir='ltr'><strong>accipere</strong></span> <span class='ocrx_word' id='word_1_229' title='bbox 1236 2450 1289 2483; x_wconf 91' lang='lat' dir='ltr'><strong>se</strong></span> <span class='ocrx_word' id='word_1_230' title='bbox 1313 2449 1441 2497; x_wconf 93' lang='lat' dir='ltr'><strong>quae</strong></span> <span class='ocrx_word' id='word_1_231' title='bbox 1464 2430 1628 2481; x_wconf 90' lang='lat' dir='ltr'><strong>liberis</strong></span> <span class='ocrx_word' id='word_1_232' title='bbox 1652 2429 1885 2480; x_wconf 87' lang='lat' dir='ltr'><strong>inviolata</strong></span> 
     </span>
     <span class='ocr_line' id='line_1_29' title="bbox 218 2512 1884 2579; baseline 0 -18"><span class='ocrx_word' id='word_1_233' title='bbox 218 2529 277 2562; x_wconf 90' lang='lat' dir='ltr'><strong>ac</strong></span> <span class='ocrx_word' id='word_1_234' title='bbox 301 2512 451 2576; x_wconf 91' lang='lat' dir='ltr'><strong>digna</strong></span> <span class='ocrx_word' id='word_1_235' title='bbox 475 2514 663 2574; x_wconf 89' lang='lat' dir='ltr'><strong>reddat,</strong></span> <span class='ocrx_word' id='word_1_236' title='bbox 686 2530 814 2578; x_wconf 92' lang='lat' dir='ltr'><strong>quae</strong></span> <span class='ocrx_word' id='word_1_237' title='bbox 839 2531 990 2564; x_wconf 91' lang='lat' dir='ltr'><strong>nurus</strong></span> <span class='ocrx_word' id='word_1_238' title='bbox 1022 2514 1267 2579; x_wconf 88' lang='lat' dir='ltr'><strong>accipiant</strong></span> <span class='ocrx_word' id='word_1_239' title='bbox 1290 2530 1554 2578; x_wconf 90' lang='lat' dir='ltr'><strong>rursusque</strong></span> <span class='ocrx_word' id='word_1_240' title='bbox 1576 2514 1641 2563; x_wconf 90' lang='lat' dir='ltr'><strong>ad</strong></span> <span class='ocrx_word' id='word_1_241' title='bbox 1676 2521 1884 2576; x_wconf 89' lang='lat' dir='ltr'><strong>nepotes</strong></span> 
     </span>
     <span class='ocr_line' id='line_1_30' title="bbox 220 2595 498 2644; baseline 0.007 -2"><span class='ocrx_word' id='word_1_242' title='bbox 220 2595 498 2644; x_wconf 76' lang='lat' dir='ltr'><strong>referantur,</strong></span> 
     </span>
    </p>

    <p class='ocr_par' dir='ltr' id='par_1_10' title="bbox 136 2672 1958 2820">
     <span class='ocr_line' id='line_1_31' title="bbox 136 2672 1958 2742; baseline -0.002 -14"><span class='ocrx_word' id='word_1_243' title='bbox 136 2680 196 2728; x_wconf 82' lang='grc' dir='ltr'><strong>Ι9</strong></span> <span class='ocrx_word' id='word_1_244' title='bbox 289 2677 419 2739; x_wconf 87' lang='lat' dir='ltr'><strong>Ergo</strong></span> <span class='ocrx_word' id='word_1_245' title='bbox 456 2687 624 2740; x_wconf 89' lang='lat' dir='ltr'><strong>saepta</strong></span> <span class='ocrx_word' id='word_1_246' title='bbox 661 2677 899 2740; x_wconf 91' lang='lat' dir='ltr'><strong>pudicitia</strong></span> <span class='ocrx_word' id='word_1_247' title='bbox 938 2687 1103 2742; x_wconf 89' lang='lat' dir='ltr'><strong>agunt,</strong></span> <span class='ocrx_word' id='word_1_248' title='bbox 1149 2677 1294 2728; x_wconf 89' lang='lat' dir='ltr'><strong>nullis</strong></span> <span class='ocrx_word' id='word_1_249' title='bbox 1333 2676 1726 2741; x_wconf 90' lang='lat' dir='ltr'><strong>spectaculorum</strong></span> <span class='ocrx_word' id='word_1_250' title='bbox 1766 2672 1887 2723; x_wconf 73' lang='lat' dir='ltr'><strong>inle-</strong></span> <span class='ocrx_word' id='word_1_251' title='bbox 1903 2683 1958 2724; x_wconf 77' lang='lat'><strong>30</strong></span> 
     </span>
     <span class='ocr_line' id='line_1_32' title="bbox 220 2754 1884 2820; baseline -0.002 -15"><span class='ocrx_word' id='word_1_252' title='bbox 220 2756 391 2817; x_wconf 90' lang='lat' dir='ltr'><strong>cebris,</strong></span> <span class='ocrx_word' id='word_1_253' title='bbox 443 2758 588 2807; x_wconf 91' lang='lat' dir='ltr'><strong>nullis</strong></span> <span class='ocrx_word' id='word_1_254' title='bbox 638 2759 975 2810; x_wconf 88' lang='lat' dir='ltr'><strong>conviviorum</strong></span> <span class='ocrx_word' id='word_1_255' title='bbox 1023 2759 1373 2809; x_wconf 89' lang='lat' dir='ltr'><strong>irritationibus</strong></span> <span class='ocrx_word' id='word_1_256' title='bbox 1421 2765 1689 2820; x_wconf 89' lang='lat' dir='ltr'><strong>corruptae.</strong></span> <span class='ocrx_word' id='word_1_257' title='bbox 1761 2754 1884 2803; x_wconf 90' lang='lat' dir='ltr'><strong>litte-</strong></span> 
     </span>
    </p>
   </div>
   <div class='ocr_carea' id='block_1_3' title="bbox 218 2881 1884 3047">
    <p class='ocr_par' dir='ltr' id='par_1_11' title="bbox 218 2881 1884 3047">
     <span class='ocr_line' id='line_1_33' title="bbox 273 2881 1884 2938; baseline -0.002 -12"><span class='ocrx_word' id='word_1_258' title='bbox 273 2900 298 2926; x_wconf 82' lang='lat'>2</span> <span class='ocrx_word' id='word_1_259' title='bbox 328 2887 469 2927; x_wconf 85' lang='lat' dir='ltr'><strong>serunt</strong></span> <span class='ocrx_word' id='word_1_260' title='bbox 514 2887 616 2927; x_wconf 78' lang='grc' dir='ltr'><strong>ΑΒι</strong></span> <span class='ocrx_word' id='word_1_261' title='bbox 860 2901 907 2938; x_wconf 86' lang='lat'><strong>13</strong></span> <span class='ocrx_word' id='word_1_262' title='bbox 937 2889 990 2928; x_wconf 83' lang='lat' dir='ltr'><strong>ob</strong></span> <span class='ocrx_word' id='word_1_263' title='bbox 1033 2887 1250 2927; x_wconf 86' lang='lat' dir='ltr'><strong>libidinem</strong></span> <span class='ocrx_word' id='word_1_264' title='bbox 1290 2886 1334 2926; x_wconf 92' lang='lat' dir='ltr'><em>D</em></span> <span class='ocrx_word' id='word_1_265' title='bbox 1518 2883 1710 2935; x_wconf 87' lang='lat' dir='ltr'><strong>pluribus</strong></span> <span class='ocrx_word' id='word_1_266' title='bbox 1746 2881 1884 2922; x_wconf 84' lang='lat' dir='ltr'><strong>Halm</strong></span> 
     </span>
     <span class='ocr_line' id='line_1_34' title="bbox 223 2936 1884 2994; baseline -0.002 -14"><span class='ocrx_word' id='word_1_267' title='bbox 223 2942 271 2980; x_wconf 94' lang='lat'><strong>16</strong></span> <span class='ocrx_word' id='word_1_268' title='bbox 299 2943 359 2994; x_wconf 89' lang='lat' dir='ltr'><strong>et]</strong></span> <span class='ocrx_word' id='word_1_269' title='bbox 384 2955 432 2981; x_wconf 93' lang='lat' dir='ltr'><strong>ac</strong></span> <span class='ocrx_word' id='word_1_270' title='bbox 455 2942 497 2982; x_wconf 89' lang='grc' dir='ltr'><em>Β</em></span> <span class='ocrx_word' id='word_1_271' title='bbox 632 2954 683 2992; x_wconf 81' lang='lat'><strong>23</strong></span> <span class='ocrx_word' id='word_1_272' title='bbox 715 2942 1015 2992; x_wconf 82' lang='lat' dir='ltr'><strong>incipientibus</strong></span> <span class='ocrx_word' id='word_1_273' title='bbox 1036 2942 1078 2981; x_wconf 91' lang='grc' dir='ltr'><em>Β</em></span> <span class='ocrx_word' id='word_1_274' title='bbox 1214 2954 1265 2991; x_wconf 81' lang='lat'><strong>27</strong></span> <span class='ocrx_word' id='word_1_275' title='bbox 1294 2939 1542 2992; x_wconf 84' lang='lat' dir='ltr'><strong>pariendum</strong></span> <span class='ocrx_word' id='word_1_276' title='bbox 1562 2936 1697 2978; x_wconf 73' lang='grc' dir='ltr'><strong>ΑΕΗ</strong></span> <span class='ocrx_word' id='word_1_277' title='bbox 1829 2938 1884 2978; x_wconf 81' lang='lat'><strong>28</strong></span> 
     </span>
     <span class='ocr_line' id='line_1_35' title="bbox 218 2996 951 3047; baseline 0.005 -13"><span class='ocrx_word' id='word_1_278' title='bbox 218 2997 398 3036; x_wconf 87' lang='lat' dir='ltr'><strong>reddant</strong></span> <span class='ocrx_word' id='word_1_279' title='bbox 421 2996 464 3036; x_wconf 93' lang='lat' dir='ltr'><em>D</em></span> <span class='ocrx_word' id='word_1_280' title='bbox 576 3009 721 3037; x_wconf 87' lang='lat' dir='ltr'><strong>rursus</strong></span> <span class='ocrx_word' id='word_1_281' title='bbox 741 3009 851 3047; x_wconf 83' lang='lat' dir='ltr'><strong>quae</strong></span> <span class='ocrx_word' id='word_1_282' title='bbox 875 2997 951 3038; x_wconf 91' lang='lat' dir='ltr'><strong>CD</strong></span> 
     </span>
    </p>
   </div>
  </div>
 </body>
</html>
