2138 3470
762 169 1108 220 CORNELII
1145 169 1390 220 TACITI

240 310 435 371 honos;
479 318 595 360 ante
631 311 728 360 hoc
762 311 943 360 domus
978 326 1089 375 pars
1123 308 1366 371 videntur,
1404 326 1520 360 mox
1559 310 1627 360 rei
1664 311 1906 376 publicae.

193 410 213 438 2
239 390 444 456 insignis
469 390 701 442 nobilitas
732 400 818 441 aut
851 407 1030 455 magna
1052 400 1247 455 patrum
1276 390 1451 441 merita
1481 391 1716 457 principis
1743 391 1912 457 digna-

239 471 427 523 tionem
444 472 592 523 etiam
617 472 1000 523 adulescentulis
1024 472 1315 536 adsignant:
1352 473 1526 523 ceteris
1550 473 1910 524 robustioribus

236 569 296 603 ac
321 552 420 602 iam
445 553 637 617 pridem
661 553 880 617 probatis
904 554 1243 617 adgregantur,
1265 570 1358 604 nec
1382 554 1531 604 rubor
1554 553 1679 604 inter
1702 553 1910 605 comites

192 649 217 690 3
237 634 439 698 adspici.
514 636 693 698 gradus
729 634 851 699 quin
888 634 1037 685 etiam
1075 634 1181 699 ipse
1223 634 1485 686 comitatus
1522 636 1686 696 habet,
1723 635 1910 686 iudicio
1933 654 1956 695 5

238 715 344 766 eius
385 733 535 780 quem
584 725 864 778 sectantur3
915 732 1194 780 magnaque
1241 725 1290 766 et
1337 716 1578 767 comitum
1626 716 1907 777 aemulatio,

238 796 419 861 quibus
454 795 642 861 primus
677 798 813 861 apud
848 796 1123 861 principem
1162 814 1307 847 suum
1346 799 1499 858 locuS‚
1532 806 1581 847 et
1615 797 1908 862 principum,

188 897 215 934 4
237 877 319 928 cui
353 877 551 942 plurimi
587 887 636 928 et
671 878 895 929 acerrimi
933 878 1152 929 comites.
1228 881 1352 928 haec
1389 878 1614 943 dignitaS,
1641 880 1736 928 hae
1768 877 1910 938 vireS‚

238 975 421 1024 magno
466 976 661 1024 semper
707 961 978 1010 electorum
1028 958 1263 1009 iuvenum
1311 959 1462 1024 globo
1509 957 1814 1019 circumdari,
1858 957 1910 1008 in

236 1057 361 1106 pace
388 1041 556 1102 decuS,
582 1040 635 1090 in
671 1041 804 1091 bello
840 1040 1154 1105 praesidium.
1230 1057 1324 1091 nec
1360 1042 1522 1091 solum
1557 1039 1608 1089 in
1645 1057 1735 1090 sua
1765 1047 1911 1104 gente
1934 1056 1986 1088 ιο

237 1121 432 1187 cuique,
470 1123 561 1174 sed
593 1124 730 1187 apud
765 1122 999 1172 finitimas
1037 1139 1240 1187 quoque
1276 1121 1496 1172 civitates
1531 1121 1583 1172 id
1619 1138 1817 1184 nomen,
1857 1139 1916 1174 ea

236 1203 391 1268 gloria
425 1212 512 1265 est,
551 1203 592 1254 si
627 1220 836 1254 numero
871 1221 930 1253 ac
967 1203 1144 1254 virtute
1181 1202 1444 1253 comitatus
1480 1202 1726 1264 emineat,
1772 1219 1914 1268 expe-

238 1293 409 1334 tuntur
444 1284 579 1334 enim
619 1284 948 1349 legationibus
997 1293 1046 1335 et
1095 1283 1383 1335 muneribus
1430 1292 1666 1335 ornantur
1710 1291 1761 1334 et
1803 1282 1915 1348 ipsa

239 1368 532 1431 plerumque
555 1367 687 1416 fama
710 1367 841 1416 bella
865 1366 1139 1430 profligant.

162 1453 219 1503 14
310 1448 441 1499 Cum
465 1455 669 1497 ventum
700 1446 752 1496 in
781 1445 954 1508 aciem,
984 1456 1126 1511 turpe
1158 1443 1369 1511 principi
1399 1445 1577 1496 virtute
1599 1444 1744 1506 vinci,
1770 1452 1912 1509 turpe
1941 1461 1986 1505 ¹5

192 1542 213 1572 2
240 1527 497 1578 comitatui
542 1527 772 1578 virtutem
832 1527 1067 1592 principis
1125 1545 1229 1578 non
1287 1529 1579 1591 adaequare.
1651 1525 1750 1576 iam
1794 1542 1913 1577 vero

237 1607 422 1659 infame
446 1609 497 1658 in
526 1625 729 1659 omnem
754 1608 905 1659 vitam
939 1625 998 1658 ac
1030 1609 1326 1672 probrosum
1359 1606 1672 1672 superstitem
1703 1605 1914 1672 principi

237 1698 330 1740 suo
365 1707 426 1740 ex
459 1690 565 1740 acie
600 1690 890 1741 recessisse:
928 1690 1067 1740 illum
1105 1691 1388 1751 defendere,
1423 1688 1562 1751 tueri,
1589 1705 1678 1739 sua
1711 1704 1915 1753 quoque

236 1771 381 1822 fortia
404 1774 533 1822 facta
555 1772 738 1836 gloriae
763 1772 869 1822 eius
902 1772 1161 1836 adsignare
1195 1771 1517 1836 praecipuum
1550 1778 1912 1821 sacramentum

237 1862 340 1903 est:
383 1852 629 1918 principes
665 1871 756 1917 pro
791 1853 996 1903 victoria
1031 1862 1267 1918 pugnant,
1307 1852 1514 1903 comites
1549 1868 1641 1916 pro
1674 1849 1909 1916 principe.
1938 1869 1988 1898 κο

193 1950 215 1990 3
238 1934 279 1984 si
307 1933 477 1984 civitas
510 1935 560 1984 in
594 1952 693 1999 qua
725 1934 818 1985 orti
848 1944 963 1985 sunt
996 1937 1147 1999 longa
1174 1951 1299 1999 pace
1331 1942 1381 1984 et
1411 1932 1517 1984 otio
1543 1940 1749 1998 torpeat,
1773 1930 1914 1997 pleri-

236 2032 337 2080 que
361 2015 605 2066 nobilium
629 2016 1023 2068 adulescentium
1050 2025 1226 2080 petunt
1250 2017 1380 2066 ultro
1404 2032 1487 2065 eas
1518 2014 1757 2075 nationeS,
1783 2029 1914 2078 quae

238 2106 346 2146 tum
382 2098 569 2146 bellurn
605 2097 809 2161 aliquod
845 2106 1034 2162 gerunt,
1073 2096 1190 2161 quia
1225 2105 1274 2146 et
1309 2095 1498 2160 ingrata
1527 2094 1662 2159 genti
1694 2092 1835 2158 quies
1863 2102 1913 2143 et

239 2177 429 2228 facilius
471 2177 597 2228 inter
634 2177 869 2244 ancipitia
917 2180 1193 2228 clarescunt
1240 2192 1576 2240 magnumque
1622 2174 1913 2225 comitatum

189 2276 215 2316 4
240 2276 342 2309 non
380 2259 474 2309 nisi
509 2259 557 2308 vi
592 2260 825 2324 belloque
862 2269 1057 2310 tueare:
1106 2259 1306 2323 exigunt
1341 2258 1474 2308 enim
1507 2274 1539 2305 a
1571 2255 1805 2320 principis
1838 2254 1914 2306 sui
1939 2275 1986 2317 25

239 2340 530 2390 liberalitate
566 2340 706 2390 illum
744 2342 1031 2391 bellatorem
1069 2356 1269 2405 equum,
1296 2339 1430 2388 illam
1467 2346 1720 2387 cruentam
1755 2335 1914 2386 victri-

240 2439 452 2486 cemque
499 2424 767 2484 frameam3
825 2440 940 2472 nam
988 2424 1164 2486 epulae
1210 2430 1259 2471 et
1306 2435 1607 2484 quamquam
1654 2417 1909 2482 incompti,

241 2502 359 2566 largi
386 2512 552 2552 tamen
577 2513 839 2568 apparatus
864 2521 955 2568 pro
979 2501 1229 2567 stipendio
1253 2502 1450 2551 cedunt.
1524 2498 1726 2549 materia
1757 2498 1915 2548 muni-

195 2594 217 2634 5
242 2583 469 2634 ficentiae
494 2602 581 2648 per
616 2586 746 2636 bella
770 2595 819 2635 et
854 2594 1033 2649 raptus
1108 2600 1201 2633 nec
1225 2599 1359 2632 arare
1391 2590 1569 2630 terram
1601 2588 1686 2629 aut
1718 2595 1914 2643 exspec-

242 2675 345 2716 tare
381 2683 568 2715 annum
605 2676 707 2717 tam
744 2666 886 2716 facile
922 2664 1218 2730 persuaseris
1250 2678 1400 2727 quam
1429 2677 1605 2711 vocare
1636 2661 1831 2710 hostem
1863 2668 1912 2709 et
1938 2678 1990 2719 30

241 2749 444 2798 vulnera
470 2748 655 2797 mereri.
729 2748 921 2811 pigrum
946 2746 1067 2810 quin
1103 2744 1258 2794 immo
1285 2751 1334 2793 et
1365 2741 1494 2793 iners
1517 2740 1710 2791 videtur
1733 2741 1913 2791 sudore

241 2830 502 2895 adquirere
526 2830 665 2893 quod
689 2829 848 2892 possis
873 2827 1111 2892 sanguine
1135 2841 1317 2890 parare.

299 2971 325 2998 2
355 2957 602 3009 dignitatem
638 2954 727 2996 AB
936 2968 962 3005 3
993 2954 1125 2995 ceteri
1156 2953 1270 3007 Lips.
1476 2952 1502 2991 8
1532 2950 1636 2991 haec
1668 2949 1782 2991 vires
1812 2946 1916 2989 B¹D

250 3025 299 3063 19
328 3013 417 3054 cius
438 3027 519 3054 om.
544 3011 586 3051 B
750 3022 803 3062 25
833 3017 1005 3051 tuentur
1022 3008 1112 3049 AB
1274 3021 1300 3048 a
1320 3005 1415 3048 add.
1438 3005 1654 3046 Acidalius
