2138 3470
855 163 1239 221 GERMANIA

285 312 558 364 Validiores
596 311 715 362 olim
756 311 1011 361 Gallorum
1048 326 1124 360 res
1165 308 1315 359 fuisse
1355 323 1578 358 summus
1617 310 1873 357 auctorum
1897 301 1962 355 28

217 394 360 445 divus
402 393 557 443 Iulius
597 391 775 453 tradit3
826 407 987 455 eoque
1027 389 1263 440 credibile
1303 397 1378 439 est
1418 387 1568 438 etiam
1611 388 1780 437 Gallos
1822 386 1873 435 in

218 474 533 526 Germaniam
557 482 910 537 transgressos:
952 472 1246 535 quantulum
1278 469 1412 519 enim
1448 467 1608 518 amnis
1643 467 1875 517 obstabat

215 572 318 621 quo
341 555 518 615 minuS‚
544 563 599 604 ut
630 569 857 618 quaeque
889 568 1009 615 gens
1046 553 1305 611 evaluerat,
1332 557 1598 613 occuparet
1633 555 1876 612 permuta-

169 651 192 693 5
216 645 387 701 retque
423 637 564 686 sedes
599 633 868 698 promiscas
902 634 1067 682 adhuc
1102 640 1152 681 et
1186 632 1322 680 nulla
1356 646 1619 694 regnorum
1653 627 1877 693 potentia

216 716 431 769 divisas?
488 715 632 779 igitur
677 714 803 763 inter
850 711 1153 775 Hercyniam
1207 711 1380 760 silvam
1436 712 1773 773 Rhenumque
1826 717 1877 758 et
1902 725 1922 753 2

218 800 461 848 Moenum
507 812 678 845 amnes
727 793 960 853 Helvetii,
1001 791 1230 842 ulteriora
1271 790 1398 851 Boii,
1439 790 1630 840 Gallica
1668 799 1876 853 utraque

215 895 350 943 gens,
376 886 589 926 tenuere.
662 882 829 923 manet
865 874 1030 922 adhuc
1066 869 1360 921 Boiohaemi
1395 887 1581 920 nomen
1617 869 1877 934 significat-

217 975 317 1022 que
356 956 453 1007 loci
493 965 708 1005 veterem
750 952 1039 1023 memoriam
1080 951 1306 1015 quamvis
1346 951 1547 1000 mutatis
1588 950 1871 1000 cultoribus.

149 1061 199 1091 ιο
220 1039 308 1089 sed
345 1047 508 1087 utrum
543 1034 765 1085 Aravisci
804 1034 856 1083 in
895 1032 1205 1104 Pannoniam
1245 1033 1311 1082 ab
1346 1033 1462 1083 Osis
1498 1031 1876 1098 [Germanorum
1902 1050 1926 1090 3

126 1107 132 1111 ¹
218 1117 432 1185 natione]
477 1135 541 1167 an
589 1115 679 1167 Osi
725 1116 789 1165 ab
835 1113 1081 1164 Araviscis
1126 1113 1178 1162 in
1227 1113 1544 1163 Germaniam
1591 1112 1878 1176 commigra-

215 1199 384 1260 verint,
444 1215 559 1248 cum
617 1198 796 1247 eodem
853 1197 1019 1246 adhuc
1072 1210 1300 1244 sermone
1358 1194 1592 1244 institutis
1651 1193 1873 1243 moribus

216 1290 426 1341 utantur,
469 1280 709 1329 incertum
757 1287 844 1339 est,
885 1276 1003 1341 quia
1042 1275 1146 1340 pari
1187 1275 1307 1325 olim
1345 1276 1514 1340 inopia
1553 1292 1612 1326 ac
1653 1275 1877 1324 libertate

217 1362 393 1411 eadem
433 1360 686 1423 utriusque
723 1359 857 1422 ripae
903 1359 1038 1407 bona
1084 1358 1312 1420 malaque
1358 1366 1508 1407 erant.
1581 1355 1782 1405 Treveri
1829 1364 1877 1405 et
1901 1366 1927 1407 4

151 1453 198 1495 15
221 1441 388 1492 Nervii
411 1441 541 1491 circa
573 1439 956 1490 adfectationem
993 1437 1318 1488 Germanicae
1350 1437 1549 1502 originis
1573 1439 1702 1488 ultro
1726 1436 1879 1486 ambi-

218 1519 331 1572 tiosi
365 1530 492 1582 sunt,
519 1531 772 1586 tamquam
807 1537 894 1584 per
928 1521 1059 1568 hanc
1093 1518 1298 1582 gloriam
1331 1517 1582 1582 sanguinis
1606 1534 1636 1567 a
1660 1517 1880 1569 similitu-

217 1601 334 1652 dine
369 1610 418 1651 et
451 1601 625 1651 inertia
659 1602 915 1651 Gallorum
951 1608 1248 1662 separentur.
1323 1599 1482 1662 ipsam
1517 1597 1685 1648 Rheni
1723 1598 1876 1662 ripam

217 1683 351 1732 haud
374 1682 526 1732 dubie
551 1684 912 1732 Germanorum
937 1679 1110 1744 populi
1130 1682 1315 1740 colunt,
1337 1678 1637 1743 Vangiones,
1660 1678 1877 1739 Triboci,

218 1763 465 1813 Nemetes.
539 1779 602 1812 ne
638 1761 761 1814 Ubii
801 1762 1019 1826 quidem,
1065 1778 1368 1831 quamquam
1413 1763 1645 1809 Romana
1685 1758 1881 1809 colonia
1905 1771 1928 1810 5

145 1859 198 1889 πο
218 1859 326 1894 esse
365 1843 629 1894 meruerint
669 1860 728 1893 ac
769 1843 1001 1892 libentius
1051 1842 1437 1906 Agrippinenses
1488 1839 1758 1890 conditoris
1806 1840 1882 1889 sui

217 1923 419 1975 nomine
459 1935 708 1986 vocentur,
752 1924 939 1989 origine
981 1924 1292 1984 erubescunt,
1339 1919 1625 1985 transgressi
1667 1920 1786 1970 olim
1833 1929 1882 1969 et

215 2004 550 2070 experimento
590 2007 708 2057 fidei
748 2023 894 2070 super
932 2005 1090 2069 ipsam
1134 2003 1301 2054 Rheni
1343 2003 1499 2067 ripam
1543 2000 1786 2061 collocati,
1827 2010 1881 2050 ut

214 2097 448 2149 arcerent,
475 2105 576 2139 non
601 2097 654 2138 ut
679 2087 1053 2137 custodirentur.

283 2169 522 2220 Omnium
559 2171 733 2219 harum
774 2168 996 2232 gentium
1038 2166 1220 2230 virtute³
1255 2164 1505 2230 praecipui
1557 2162 1729 2212 Batavi
1777 2179 1878 2212 non
1902 2173 1971 2224 29

145 2265 193 2307 25
217 2251 426 2299 multum
464 2267 523 2299 ex
563 2250 680 2314 ripa,
721 2251 810 2300 sed
849 2249 1060 2299 insulam
1104 2246 1271 2296 Rheni
1307 2244 1467 2294 amnis
1506 2246 1690 2303 colunt,
1734 2244 1882 2294 Chat-

216 2339 378 2380 torum
401 2332 655 2395 quondam
675 2332 888 2395 populus
914 2339 963 2379 et
983 2327 1227 2378 seditione
1253 2324 1528 2376 domestica
1553 2323 1604 2372 in
1630 2340 1713 2373 eas
1738 2325 1882 2374 sedes

217 2419 554 2476 transgressu8‚
581 2411 632 2461 in
656 2411 837 2476 quibus
861 2427 972 2474 pars
999 2407 1216 2458 Romani
1242 2405 1433 2470 imperii
1460 2406 1644 2454 fierent.
1715 2412 1883 2452 manet
1910 2422 1929 2450 2

218 2492 378 2542 honos
401 2501 451 2542 et
481 2492 713 2557 antiquae
745 2490 991 2542 societatis
1025 2489 1247 2553 insigne3
1283 2503 1398 2536 nam
1431 2502 1524 2535 nec
1552 2483 1744 2534 tributis
1770 2500 1884 2533 con-

219 2581 503 2623 temnuntur
548 2590 642 2623 nec
687 2572 980 2637 publicanus
1036 2569 1229 2629 atterit3
1289 2566 1502 2631 exempti
1538 2564 1779 2615 oneribus
1834 2572 1882 2612 et

272 2701 300 2740 6
328 2701 564 2752 hircyniam
593 2699 725 2739 AB¹=
768 2699 1014 2749 hercyniam
1043 2697 1128 2737 3²:
1176 2696 1390 2735 hercinam
1424 2695 1501 2735 CD
1717 2706 1740 2743 7
1770 2696 1882 2731 utra-

218 2766 302 2804 que
338 2768 418 2795 om.
453 2754 496 2794 B
712 2754 739 2793 8
769 2752 1021 2794 Boiohaemi
1059 2750 1320 2790 Brambaclt:
1382 2749 1537 2790 boiemi
1574 2747 1729 2800 (boih-,
1762 2745 1909 2795 boh·)·

219 2807 328 2849 codd.
455 2809 678 2859 signatque
707 2807 836 2848 BCH
1041 2818 1092 2845 10
1118 2804 1172 2844 ab
1200 2803 1286 2844 osis
1314 2802 1393 2845 13²:
1443 2816 1469 2842 a
1498 2801 1618 2850 boiis,
1654 2800 1773 2841 abois
1801 2803 1882 2838 cett.

219 2860 531 2903 Germanorum
550 2862 721 2902 natione
740 2861 826 2901 secl.
849 2861 1019 2900 Passow
1185 2869 1234 2908 15
1267 2857 1402 2898 neruii
1424 2857 1477 2896 H
1493 2861 1531 2896 et
1547 2856 1682 2896 Rhen.
1705 2869 1715 2894 :
1746 2853 1883 2893 nei-uli

219 2915 356 2957 heruli
373 2915 441 2958 11²
458 2921 541 2958 cett.
709 2928 759 2966 19
787 2927 842 2954 ne
869 2914 968 2956 Ubii
992 2913 1162 2954 Gruter:
1196 2912 1281 2952 ubii
1301 2912 1343 2951 Β
1361 2911 1543 2964 (margo)
1568 2911 1644 2949 H:
1674 2909 1790 2951 nubii
1819 2906 1884 2949 H*

203 2973 299 3011 >ceta
468 2982 519 3020 24
546 2969 701 3012 batavii
721 2968 848 3009 ACD
1010 2978 1062 3017 25
1095 2971 1302 3008 cattorum
1324 2966 1380 3018 (et
1396 2966 1453 3006 sic
1468 2963 1631 3018 ubique>
1650 2963 1693 3006 Β

303 3087 397 3116 uc.
417 3087 514 3116 ena.
1769 3077 1795 3117 2
