2138 3470
854 147 1238 199 GERMANIA

217 293 455 356 cuiusque
495 289 729 343 audentia
764 289 899 353 apud
941 289 1149 349 Chattos
1187 286 1237 336 in
1280 302 1580 336 consensum
1622 284 1777 346 vertit,
1820 294 1875 335 ut

217 374 430 439 primum
452 371 770 431 adoleverint,
798 370 983 420 crinem
1009 370 1314 432 barbamque
1339 366 1640 427 submittere,
1663 384 1755 416 nec
1780 366 1873 415 nisi

216 457 359 505 hoste
393 471 540 504 caeso
574 470 750 503 exuere
784 451 1004 502 votivum
1037 450 1408 514 obligatumque
1431 447 1596 498 virtuti
1620 447 1716 497 oris
1741 447 1876 496 habi-

216 545 335 585 tum.
407 552 554 599 super
594 533 883 598 sanguinem
921 542 970 599 et
1011 531 1169 596 spolia
1202 533 1418 580 revelant
1459 532 1685 589 frontem,
1724 546 1875 593 seque
1902 547 1920 574 2

169 631 192 672 5
216 625 322 666 tum
357 617 561 666 demum
598 615 754 679 pretia
789 613 1026 664 nascendi
1058 611 1300 663 rettulisse
1332 611 1609 675 dignosque
1632 609 1788 675 patria
1817 627 1876 659 ac

215 697 500 764 parentibus
542 698 731 747 ferunt:
801 695 987 759 ignavis
1035 703 1084 744 et
1130 693 1395 743 inbellibus
1443 700 1611 741 manet
1658 693 1869 755 squalor.

216 778 507 828 fortissimus
531 777 742 842 quisque
773 778 983 826 ferreum
1016 774 1216 838 insuper
1239 776 1443 823 anulum
1470 771 1875 839 (ignominiosum
1903 783 1925 821 3

216 860 269 910 id
314 859 468 924 genti)
516 861 649 909 velut
694 858 946 908 vinculum
992 866 1162 920 gestat,
1212 858 1375 909 donec
1422 872 1475 904 se
1522 856 1675 903 caede
1721 853 1876 903 hostis

216 941 451 990 absolvat.
523 939 745 1003 plurimis
782 941 1075 990 Chattorum
1111 937 1192 986 hic
1227 939 1389 1000 placet
1429 935 1641 995 habitus,
1679 934 1877 998 iamque
1899 954 1926 993 4

144 1038 197 1067 ιο
218 1029 397 1070 canent
454 1019 669 1083 insignes
727 1028 777 1068 et
839 1018 1065 1068 hostibus
1130 1017 1276 1067 simul
1341 1017 1541 1080 suisque
1604 1014 1874 1065 monstrati.

217 1100 442 1150 omniurn
478 1117 631 1164 penes
669 1102 761 1150 hos
799 1099 937 1148 initia
970 1114 1246 1163 pugnarum
1263 1116 1278 1159 3
1326 1099 1450 1146 haec
1490 1096 1649 1161 prima
1685 1112 1878 1159 semper

216 1181 361 1242 acies,
403 1180 511 1230 visu
546 1198 704 1231 nova:
754 1197 871 1229 nam
912 1197 976 1230 ne
1017 1179 1068 1228 in
1105 1195 1228 1243 pace
1269 1178 1474 1243 quidem
1511 1179 1647 1226 cultu
1686 1176 1878 1230 mitiore

216 1271 580 1313 mansuescunt.
653 1261 775 1311 nulli
799 1262 978 1311 domus
1002 1269 1087 1310 aut
1118 1277 1232 1324 ager
1255 1269 1340 1309 aut
1363 1259 1529 1324 aliqua
1552 1275 1696 1308 cura:
1732 1266 1879 1322 prout
1901 1276 1923 1316 5

215 1346 281 1395 ad
316 1360 567 1409 quemque
606 1360 798 1402 venere,
835 1344 1045 1402 aluntur,
1083 1340 1276 1405 prodigi
1310 1339 1472 1400 alieni,
1511 1348 1877 1403 contemptores

146 1444 194 1486 15
217 1426 307 1487 sui,
350 1428 514 1477 donec
553 1425 811 1489 exsanguis
851 1433 1078 1474 senectus
1120 1433 1221 1473 tarn
1263 1425 1416 1473 durae
1465 1422 1630 1472 virtuti
1684 1421 1877 1485 inpares

218 1508 375 1558 faciat.

285 1588 500 1639 Proximi
562 1588 755 1640 Chattis
802 1596 989 1638 certum
1049 1587 1147 1636 iam
1205 1588 1347 1635 alveo
1407 1587 1646 1636 Rhenum
1693 1583 1878 1649 quique
1901 1593 1967 1642 32

218 1669 454 1719 terminus
485 1686 594 1718 esse
629 1668 837 1718 sufficiat
873 1668 1019 1732 Usipi
1050 1685 1109 1717 ac
1134 1667 1365 1716 Tencteri
1390 1668 1573 1716 colunt.
1647 1665 1878 1716 Tencteri
1904 1684 1923 1711 2

218 1767 363 1814 super
409 1749 609 1800 solitum
655 1749 898 1799 bellorum
945 1751 1099 1798 decus
1146 1746 1385 1812 equestris
1432 1746 1723 1811 disciplinae
1775 1756 1879 1797 arte

146 1847 197 1876 20
216 1832 518 1895 praecellunt
532 1848 548 1892 3
596 1847 690 1880 nec
727 1829 883 1880 maior
918 1831 1053 1893 apud
1083 1830 1291 1880 Chattos
1328 1827 1553 1891 peditum
1585 1830 1691 1877 laus
1727 1844 1879 1892 quam

217 1911 472 1961 Tencteris
508 1910 744 1975 equiturn.
818 1910 888 1960 sic
919 1910 1173 1959 instituere
1205 1908 1444 1959 maiores:
1481 1908 1665 1972 posteri
1688 1908 1879 1959 imitan·
1902 1919 1926 1959 3

217 2000 306 2041 tur.
378 1991 430 2040 hi
453 1994 589 2042 lusus
613 1991 889 2051 infantium,
916 1993 1040 2040 haec
1064 1990 1298 2041 iuvenum
1327 1989 1624 2039 aemulatio:
1658 2006 1882 2052 perseve-

217 2081 325 2122 rant
348 2089 503 2122 senes.
577 2071 703 2121 inter
725 2071 960 2120 familiam
986 2080 1035 2121 et
1058 2080 1262 2135 penates
1288 2079 1337 2119 et
1370 2069 1475 2119 iura
1506 2070 1877 2123 successionum
1900 2089 1925 2128 4

218 2152 332 2218 equi
356 2154 642 2203 traduntur:
677 2152 857 2216 excipit
888 2152 1031 2212 filius,
1058 2168 1160 2202 non
1194 2160 1249 2200 ut
1272 2160 1448 2211 cetera,
1475 2150 1717 2200 maximus
1741 2161 1860 2203 natu

146 2251 194 2293 25
219 2234 308 2284 sed
331 2242 476 2296 prout
504 2235 640 2283 ferox
662 2233 794 2282 bello
819 2241 868 2282 et
892 2232 1077 2283 melior.

286 2317 430 2365 quta
462 2317 735 2364 Tencteros
771 2313 992 2363 Bructeri
1027 2313 1146 2363 olim
1183 2314 1540 2364 occurrebant:
1581 2330 1715 2363 nunc
1751 2315 1878 2364 Cha·
1899 2318 1966 2368 33

218 2412 387 2445 mavos
421 2405 472 2446 et
508 2394 822 2459 Angrivarios
858 2394 1145 2459 inmigrasse
1181 2404 1413 2455 narratur,
1440 2394 1594 2458 pulsis
1631 2393 1877 2444 Bructeris

216 2492 276 2526 ac
298 2475 495 2540 penitus
523 2475 696 2526 excisis
727 2475 997 2525 vicinarum
1030 2492 1278 2526 consensu
1302 2474 1575 2536 nationum,
1602 2493 1696 2527 seu,
1715 2493 1878 2540 super·

218 2556 328 2607 biae
364 2557 482 2607 odio
516 2574 604 2607 seu
638 2558 851 2620 praedae
886 2556 1152 2606 dulcedine
1187 2573 1275 2606 seu
1311 2558 1476 2606 favore
1511 2557 1731 2619 quodam
1764 2573 1878 2620 erga

144 2658 197 2700 30
218 2654 309 2688 nos
345 2639 582 2699 deorum3
631 2655 746 2687 nam
782 2655 851 2693 ne*
882 2639 1165 2701 spectaculo
1197 2637 1401 2701 quidem
1432 2636 1606 2701 proelii
1640 2635 1871 2686 invidere.

218 2734 363 2782 super
407 2718 657 2782 sexaginta
701 2717 836 2768 milia
875 2735 978 2768 non
1024 2716 1171 2767 armis
1218 2718 1427 2782 telisque
1469 2716 1725 2777 RomaniS,
1769 2717 1871 2776 sed,
1900 2734 1920 2762 2

218 2800 353 2862 quod
390 2799 780 2863 magnificentius
817 2807 903 2859 est,
931 2798 1251 2849 oblectationi
1287 2798 1542 2863 oculisque
1574 2797 1870 2848 ceciderunt.

272 2938 298 2976 5
327 2927 529 2966 noscendi
550 2923 700 2966 A¹BD
860 2939 888 2977 9
916 2925 1147 2966 absolverit
1164 2923 1221 2965 Βι
1364 2938 1414 2966 12
1443 2924 1560 2965 uultu
1583 2925 1624 2964 A
1631 2924 1671 2964 B
1821 2925 1875 2965 26

203 2979 448 3020 ‘chamanos
467 2980 522 3018 Βι
688 2994 739 3031 27
768 2981 1035 3031 angrinarios
1053 2979 1111 3020 Βι
1129 2995 1139 3021 t
1168 2980 1444 3032 anguinarios
1464 2981 1508 3020 D

1709 3045 1760 3085 2*
