2138 3470
752 182 1098 235 CORNELII
1135 185 1379 235 TACITI

141 331 208 382 45
299 321 457 370 Trans
499 320 708 372 Suionas
750 321 887 375 aliud
926 339 1073 384 mare,
1114 323 1306 388 pigrum
1345 342 1403 375 ac
1443 342 1597 391 prope
1623 325 1896 390 inmotum,

231 417 332 465 quo
373 401 502 466 cingi
532 402 797 466 claudique
829 396 1063 454 terrarum
1102 406 1275 459 orbern
1312 406 1431 462 hinc
1471 409 1610 470 fides,
1649 411 1788 475 quod
1822 426 1899 465 ex,-

230 491 413 532 tremus
439 483 661 533 cadentis
686 483 784 533 iam
809 484 926 535 solis
950 487 1110 550 fulgor
1132 486 1184 535 in
1209 496 1372 537 ortum
1391 489 1563 539 edurat
1586 491 1714 543 adeo
1738 491 1897 546 clarus

229 572 283 613 ut
307 564 468 614 sidera
491 565 691 616 hebetet
708 583 722 626 3
758 582 938 616 sonum
962 566 1164 631 insuper
1191 569 1485 634 emergentis
1515 569 1674 621 audiri
1697 572 1898 622 formas-

229 662 327 708 que
374 663 615 709 equorum
663 655 712 695 et
759 647 923 698 radios
971 648 1144 712 capitis
1191 649 1384 714 adspici
1430 651 1704 716 persuasio'
1727 651 1890 707 adicit,
1919 666 1942 708 5

183 748 202 775 2
228 725 344 776 illuc
379 744 538 791 usque
573 736 623 776 et
658 729 790 777 fama
824 745 939 781 vera
975 738 1168 781 tantum
1201 739 1386 780 natura.
1460 748 1576 796 ergo
1599 731 1698 782 iam
1722 734 1894 785 dextro

227 807 426 857 Suebici
473 807 619 858 maris
666 808 808 860 litore
853 809 1138 865 Aestiorum
1183 820 1355 875 gentes
1392 813 1672 874 adluuntur,
1712 813 1894 878 quibus

226 887 345 939 ritus
399 889 699 954 habitusque
758 891 1051 952 Sueborum,
1101 891 1268 956 lingua
1319 892 1632 944 Britannicae
1678 893 1889 960 propior.

179 983 202 1022 3
226 979 432 1019 matrem
480 972 631 1021 deum
678 981 985 1023 venerantur.
1058 971 1250 1038 insigne
1304 974 1663 1038 superstitionis
1709 976 1891 1031 formas

223 1068 454 1116 aprorum
494 1062 717 1117 gestant:
775 1053 828 1104 id
869 1071 960 1119 pro
999 1053 1148 1105 armis
1189 1055 1427 1120 omnique
1467 1057 1622 1106 tutela
1661 1073 1889 1107 securum
1916 1078 1968 1108 10

223 1134 349 1184 deae
394 1135 635 1184 cultorem
682 1134 831 1184 etiam
878 1135 1005 1191 inter
1050 1135 1206 1186 hostis
1260 1145 1485 1202 praestat.
1581 1154 1715 1192 rarus
1761 1137 1887 1198 ferri,

171 1237 200 1279 4
223 1216 454 1279 frequens
479 1215 682 1266 fustium
706 1233 838 1266 usus.
911 1218 1159 1267 frumenta
1181 1226 1472 1283 ceterosque
1495 1219 1681 1270 fructus
1705 1218 1891 1284 patien-

222 1295 319 1346 tius
343 1313 493 1361 quam
518 1313 608 1360 pro
632 1296 776 1347 solita
810 1299 1173 1348 Germanorum
1208 1298 1383 1349 inertia
1413 1298 1650 1349 laborant.
1723 1300 1812 1350 sed
1841 1308 1890 1349 et

221 1394 356 1427 mare
379 1375 669 1439 scrutantur,
690 1396 749 1428 ac
773 1378 865 1428 soli
889 1378 1116 1429 omniurn
1140 1378 1382 1440 sucinum,
1403 1381 1542 1444 quod
1559 1378 1653 1444 ipsi
1667 1381 1888 1445 glaesum

172 1476 195 1516 5
219 1468 413 1519 vocant,
449 1459 575 1509 inter
612 1461 740 1510 vada
775 1469 926 1524 atque
963 1459 1015 1510 in
1053 1460 1164 1525 ipso
1201 1460 1342 1511 litore
1379 1462 1561 1525 legunt.
1634 1477 1729 1511 nec
1759 1476 1888 1525 quae
1917 1479 1962 1520 15

219 1549 394 1591 natura
423 1557 613 1605 quaeve
648 1541 771 1591 ratio
805 1541 985 1606 gignat,
1012 1550 1068 1593 ut
1100 1541 1331 1603 barbariS,
1358 1540 1636 1606 quaesitum
1669 1557 1888 1606 comper-r

218 1631 418 1684 tumve3
474 1622 562 1672 diu
609 1622 730 1687 quin
779 1622 926 1672 etiam
974 1622 1101 1676 inter
1149 1632 1312 1673 cetera
1362 1622 1688 1673 eiectamenta
1740 1621 1887 1673 maris

217 1702 423 1764 iacebat,
450 1705 614 1754 donec
646 1703 835 1753 luxuria
866 1712 1033 1754 nostra
1064 1703 1204 1754 dedit
1235 1720 1433 1756 nomen.
1507 1702 1625 1767 ipsis
1663 1702 1714 1752 in
1747 1704 1886 1755 nullo

216 1801 339 1835 usu:
387 1786 509 1834 rude
545 1784 731 1848 legitur,
764 1783 975 1834 informe
1010 1786 1261 1849 perfertur,
1302 1783 1614 1848 pretiumque
1650 1782 1883 1843 mirantes

167 1875 193 1917 6
214 1865 475 1930 accipiunt.
567 1883 741 1915 sucum
789 1875 955 1915 tamen
1009 1866 1240 1916 arborum
1296 1882 1403 1915 esse
1450 1864 1718 1929 intellegaS,
1766 1863 1884 1930 quia
1909 1885 1959 1915 πο

215 1956 406 1997 terrena
429 1948 674 2011 quaedam
707 1956 856 2010 atque
889 1946 1037 1996 etiam
1070 1945 1287 1997 volucria
1322 1945 1554 1995 animalia
1590 1947 1881 2010 plerumque

214 2027 521 2089 interlucent,
548 2045 675 2092 quae
714 2027 963 2091 implicata
1000 2044 1172 2077 umore
1211 2044 1326 2078 mox
1358 2029 1651 2078 durescente
1679 2025 1882 2077 materia

169 2122 191 2167 7
213 2111 521 2160 clauduntur.
571 2107 860 2159 fecundiora
878 2107 1022 2172 igitur
1040 2125 1244 2160 nemora
1262 2110 1500 2173 lucosque
1519 2108 1645 2159 sicut
1664 2106 1880 2160 Orientis

212 2191 424 2252 secretis,
451 2190 536 2241 ubi
562 2200 669 2239 tura
689 2191 1006 2254 balsamaque
1029 2192 1282 2251 sudantur,
1303 2190 1372 2240 ita
1395 2188 1683 2241 Occidentis
1707 2187 1879 2240 insulis

212 2272 448 2337 terrisque
480 2270 640 2322 inesse
673 2271 979 2333 crediderim,
1006 2289 1134 2337 quae
1159 2271 1307 2324 vicini
1336 2270 1452 2322 solis
1481 2269 1628 2321 radiis
1652 2285 1879 2334 expressa
1905 2290 1953 2332 ²5

210 2363 359 2418 atque
384 2353 622 2417 liquentia
654 2354 703 2402 in
735 2354 1011 2418 proximum
1046 2371 1179 2405 mare
1204 2355 1436 2404 labuntur
1463 2368 1523 2402 ac
1547 2350 1593 2400 vi
1619 2358 1877 2415 tempesta-

163 2453 186 2491 8
211 2444 315 2485 tum
341 2434 391 2484 in
416 2436 620 2485 adversa
652 2436 794 2485 litora
829 2438 1092 2487 exundant.
1167 2434 1208 2487 si
1233 2443 1455 2484 naturam
1489 2431 1646 2483 sucini
1670 2431 1876 2481 admoto

209 2514 309 2579 igni
342 2524 565 2579 temptes,
593 2516 642 2564 in
670 2518 875 2566 modum
901 2518 1076 2567 taedae
1099 2514 1386 2566 accenditur
1408 2513 1593 2578 alitque
1624 2513 1873 2561 flammam

209 2596 441 2661 pinguem
467 2607 514 2646 et
540 2599 756 2647 olentem
774 2617 788 2659 ς
824 2615 939 2648 mox
963 2608 1017 2647 ut
1042 2597 1092 2647 in
1117 2596 1279 2662 picem
1303 2595 1576 2646 resinamve
1598 2591 1836 2645 lentescit.

267 2737 283 2764 1
316 2725 491 2765 suiones
510 2725 551 2764 Β
715 2741 741 2778 3
769 2734 888 2769 ortus
910 2728 1026 2770 CDA
1201 2741 1226 2777 4
1256 2723 1513 2775 emergentis
1532 2735 1615 2763 om.
1639 2721 1684 2763 D
1845 2732 1874 2772 5

206 2792 290 2830 que
319 2792 402 2819 om.
439 2779 516 2818 CD
626 2795 831 2833 equorum
866 2797 998 2835 marg.
1037 2780 1126 2822 Vat.
1159 2780 1254 2821 Urb.
1274 2781 1355 2831 655
1385 2784 1421 2821 et
1450 2778 1642 2839 Colerusf
1680 2775 1870 2839 deorpm,

207 2846 367 2888 eorum-
385 2838 467 2874 cett.
611 2849 633 2886 7
664 2837 865 2878 estiomm
888 2837 980 2877 ΒΗ
1116 2849 1166 2876 10
1194 2834 1392 2885 omnique
1426 2831 1649 2873 Tun'censaes
1671 2833 1709 2870 et
1730 2827 1872 2881 Ltps.:

209 2888 483 2942 omniumque
506 2895 609 2931 cett.:
640 2891 942 2942 hominumque
967 2890 1098 2931 Uriich
1292 2900 1341 2937 14
1370 2887 1558 2938 glaesum
1579 2883 1871 2935 Muellenhofft

207 2943 370 2992 glesum
392 2944 501 2986 codd.
686 2947 736 2985 16
763 2945 899 2996 gignit
922 2944 999 2986 CD
1173 2956 1224 2994 24
1255 2942 1411 2982 sudant
1429 2939 1518 2979 AB
1679 2949 1732 2989 25
1760 2949 1870 2988 quae

206 2997 351 3051 vicini]
378 3001 476 3051 quia
503 2999 648 3039 sucina
676 3000 775 3041 coni.
807 2998 1027 3052 qumann
1222 3009 1273 3047 27
1303 2995 1515 3036 exsudant
1534 2993 1590 3035 C:
1622 2989 1873 3034 exudantD

207 3054 261 3092 28
291 3055 378 3106 igni
400 3054 478 3096 BC
491 3068 501 3095 z
531 3055 628 3105 igne
650 3058 730 3094 cett.
