2138 3470
595 138 953 188 DIALOGUS
991 138 1085 186 DE
1123 138 1579 190 ORATORIBUS

257 276 514 327 sanctitate
530 277 746 340 quadam
763 293 822 325 ac
839 277 1136 326 verecundia
1153 278 1472 341 temperabat.
1544 278 1613 328 sic
1632 281 1914 331 Corneliam

258 358 607 416 Gracchorum,
658 355 728 405 sic
782 356 1033 406 Aureliam
1080 357 1316 418 Caesaris,
1367 358 1437 407 sic
1490 359 1656 408 Atiam
1703 362 1914 424 Augusti

257 434 495 503 [matrem]
528 435 795 501 praefuisse
836 437 1213 487 educationibus
1247 454 1307 487 ac
1341 439 1629 503 produxisse
1669 441 1913 505 principes

256 516 436 566 liberos
459 517 752 580 accepimus.
826 534 954 581 quae
986 517 1246 582 disciplina
1276 535 1335 568 ac
1364 519 1592 569 severitas
1620 537 1680 569 eo
1709 521 1915 584 pertine-
1940 536 1960 580 7

208 610 232 652 5
256 597 354 658 bat,
382 606 436 646 ut
461 597 649 660 sincera
672 606 721 646 et
743 597 931 661 integra
955 607 1004 648 et
1027 598 1173 647 nullis
1203 599 1520 663 pravitatibus
1550 602 1741 650 detorta
1769 602 1914 651 unius

257 676 496 741 cuiusque
527 687 700 742 natura
724 686 829 727 toto
854 677 1018 727 statim
1042 687 1242 742 pectore
1270 679 1501 743 arriperet
1523 680 1637 729 artis
1666 682 1910 743 honestas,

258 767 308 807 et
330 757 431 807 sive
454 759 519 807 ad
543 775 646 807 rem
675 757 934 807 militarem
963 758 1065 807 sive
1088 761 1154 808 ad
1178 758 1293 808 iuris
1327 759 1581 809 scientiam
1606 761 1707 810 sive
1729 763 1795 811 ad
1819 764 1916 811 elo-

259 837 488 901 quentiae
513 838 731 887 studium
754 831 1130 898 inclinasseffld
1159 840 1320 888 solum
1350 849 1526 903 ageret,
1553 839 1605 889 id
1634 840 1914 891 universum

259 918 483 968 hauriret.

162 980 285 1142 Γ
326 1002 394 1048 At
418 1016 550 1048 nunc
573 1008 716 1048 natus
745 999 905 1048 infans
937 1001 1190 1064 delegatur
1213 1001 1484 1050 Graeculae
1515 1001 1660 1051 alicui
1690 1002 1908 1062 ancillae,
1936 1013 2004 1058 29

259 1079 339 1129 cui
361 1080 641 1143 adiungitur
669 1097 796 1129 unus
823 1090 909 1129 aut
938 1082 1060 1129 alter
1083 1097 1143 1129 ex
1173 1080 1405 1129 omnibus
1438 1081 1598 1141 serviS,
1627 1069 1914 1145 plerumque

258 1159 518 1209 vilissimus
564 1176 658 1208 nec
704 1159 935 1223 cuiquam
982 1159 1108 1208 serio
1163 1159 1433 1209 ministerio
1489 1162 1911 1210 adcommodatus

240 1242 436 1289 ,horum
482 1240 659 1289 fabulis
706 1249 755 1289 et
801 1239 1041 1289 erroribus
1088 1237 1169 1307 [et]
1209 1240 1388 1290 virides
1434 1237 1619 1307 [teneri]
1659 1242 1822 1290 statim
1869 1251 1918 1291 et

260 1322 406 1370 rudes
437 1320 591 1369 animi
622 1320 910 1370 imbuuntur
926 1338 941 1381 3
974 1337 1070 1370 nec
1100 1320 1367 1384 quisquam
1399 1320 1451 1370 in
1475 1330 1578 1370 tota
1601 1323 1753 1371 domo
1777 1322 1920 1386 pensi

187 1415 234 1456 15
260 1401 422 1460 habet,
468 1400 589 1463 quid
636 1417 802 1449 coram
848 1400 1035 1450 infante
1081 1400 1288 1450 domino
1324 1410 1411 1450 aut
1456 1401 1588 1450 dicat
1628 1411 1712 1451 aut
1758 1403 1915 1452 faciat.

261 1480 381 1543 quin
422 1479 569 1529 etiam
606 1479 700 1543 ipsi
737 1489 964 1543 parentes
1009 1496 1113 1529 non
1159 1479 1392 1544 probitati
1438 1497 1600 1544 neque
1647 1482 1918 1530 modestiae
1946 1497 1965 1523 2

260 1561 486 1624 parvulos
521 1558 873 1620 adsuefaciunt,
907 1561 996 1609 sed
1030 1558 1258 1608 lasciviae
1292 1569 1341 1609 et
1376 1559 1634 1620 dicacitati‚
1671 1577 1758 1624 per
1793 1578 1920 1624 quae

260 1639 494 1704 paulatim
542 1639 848 1703 impudentia
887 1639 1066 1704 inrepit
1102 1649 1152 1689 et
1191 1639 1267 1689 sui
1306 1639 1553 1703 alienique
1591 1650 1916 1704 contemptus

260 1721 358 1770 iam
393 1737 508 1770 vero
544 1720 738 1784 propria
775 1729 824 1770 et
863 1720 1127 1784 peculiaria
1163 1719 1309 1769 huius
1350 1720 1483 1769 urbis
1516 1720 1632 1769 vitia
1670 1737 1828 1785 paene
1869 1721 1920 1769 in
1947 1733 1969 1772 3

189 1820 240 1849 20
261 1810 401 1851 utero
447 1801 613 1850 matris
660 1800 857 1864 concipi
902 1800 1024 1849 mihi
1064 1799 1304 1860 videntur,
1346 1800 1642 1850 histrionalis
1691 1803 1827 1851 favor
1872 1810 1922 1851 et

261 1881 584 1945 gladiatorum
619 1897 959 1945 equorumque
993 1880 1188 1930 studia:
1230 1880 1410 1943 quibus
1447 1890 1715 1944 occupatus
1753 1890 1803 1931 et
1837 1882 1923 1931 ob-

262 1978 423 2010 sessus
480 1961 672 2010 animus
719 1963 1012 2025 quantulum
1058 1960 1155 2008 loci
1205 1959 1350 2011 bonis
1408 1960 1591 2010 artibus
1652 1960 1922 2025 relinquit?

262 2050 470 2104 quotum
495 2058 744 2104 quemque
767 2040 986 2089 invenies
1011 2039 1096 2102 qui
1125 2040 1262 2089 domi
1292 2039 1558 2103 quicquam
1590 2041 1726 2091 aliud
1754 2044 1922 2106 loqua-

263 2130 340 2169 tur
358 2123 385 2183 Ρ,
447 2137 571 2184 quos
606 2120 728 2169 alios
763 2122 1245 2170 adulescentulorum
1281 2137 1531 2170 sermones
1569 2121 1849 2185 excipimus,
1878 2122 1922 2171 si

190 2222 238 2261 25
263 2202 466 2264 quando
488 2201 731 2250 auditoria
754 2200 1078 2249 intravimus?
1135 2217 1199 2249 ne
1217 2210 1556 2263 praeceptores
1575 2201 1778 2263 quidem
1795 2204 1919 2252 ullas
1943 2220 1969 2258 4

264 2281 529 2330 crebriores
565 2298 679 2329 curn
714 2280 1019 2329 auditoribus
1055 2279 1155 2327 suis
1190 2280 1379 2328 fabulas
1421 2280 1606 2328 habent
1622 2297 1637 2340 ,·
1685 2281 1922 2344 colligunt

265 2361 396 2410 enim
434 2361 703 2424 discipulos
742 2377 843 2408 non
884 2359 1138 2408 severitate
1175 2358 1463 2422 disciplinae
1499 2375 1591 2407 nec
1626 2358 1809 2422 ingenii
1843 2377 1920 2409 ex-

264 2442 549 2505 perimento,
580 2441 667 2489 sed
701 2439 972 2488 ambitione
1008 2438 1356 2488 salutationum
1386 2447 1434 2487 et
1466 2437 1723 2488 inlecebris
1754 2441 1920 2489 adula-

265 2505 487 2607 tionisj
2086 2501 2096 2589 Ι

134 2609 140 2616 ’
192 2620 243 2659 30
331 2602 551 2649 Transeo
592 2600 748 2664 prima
788 2600 1084 2649 discentium
1120 2601 1374 2659 elementa,
1413 2598 1465 2647 in
1500 2599 1679 2662 quibus
1715 2608 1765 2649 et
1801 2600 1917 2664 ipsis
1942 2610 2010 2656 30

321 2740 347 2778 3
365 2736 542 2768 matrem
555 2727 627 2768 del.
646 2727 814 2779 Sauppe
921 2739 946 2776 5
967 2734 1008 2767 et
1030 2727 1155 2766 nullis
1175 2727 1306 2767 Rhen.
1324 2740 1334 2765 t
1365 2732 1408 2765 et
1429 2727 1471 2765 in
1493 2727 1620 2765 nullis
1642 2726 1751 2768 codd.
1870 2739 1919 2776 13

264 2781 370 2821 uiles
391 2781 444 2821 C:
474 2782 588 2820 uires
610 2781 730 2822 OD:
768 2787 811 2821 et
831 2781 987 2820 virides
1007 2781 1082 2821 del.
1102 2779 1215 2829 B²H,
1238 2779 1358 2819 Put.:
1394 2780 1531 2819 teneri
1550 2780 1624 2821 del.
1640 2780 1783 2820 Kraut
1794 2795 1803 2820 :
1834 2781 1917 2834 [et]

266 2835 346 2874 vir.
366 2841 464 2875 stat.
483 2843 527 2876 et
546 2832 631 2875 ten.
654 2835 823 2888 [rudes]
847 2835 951 2875 Gud.
1140 2836 1189 2872 16
1219 2847 1303 2873 non
1334 2835 1530 2884 probitati
1555 2834 1734 2873 Vahlen:
1766 2835 1918 2884 impro-

267 2887 402 2937 bitati,
422 2902 499 2928 nec
520 2889 716 2939 probitati
737 2889 845 2929 codd.
995 2901 1040 2936 17
1072 2888 1282 2926 dicacitati
1303 2887 1382 2925 5²:
1413 2887 1626 2927 bibacitati
1646 2890 1728 2927 cett.
1870 2889 1919 2928 18

193 2987 196 2992 ¹
268 2945 312 2979 et
333 2968 342 2979 .
366 2972 376 2982 .
396 2970 406 2980 .
432 2948 695 2993 contemptus
714 2943 799 2982 secl.
827 2941 931 2982 Gud.
1098 2953 1150 2991 25
1181 2954 1234 2980 ne
1254 2941 1295 2980 E
1309 2954 1318 2979 :
1349 2953 1428 2979 nec
1449 2944 1533 2980 cett.

2127 1183 2131 1190 ν
2127 1135 2133 1152 m
2125 1010 2136 1104 «ην-«μμ
