2138 3470
774 124 1119 174 CORNELII
1157 125 1400 175 TACITI

254 279 404 326 quam
440 262 532 311 illis
569 262 872 326 temporibus
912 279 1141 326 magnam
1176 263 1448 328 potentiam
1487 263 1593 314 sine
1626 263 1791 329 aliqua
1825 256 1923 316 elo-

203 362 230 401 4
253 343 455 406 quentia
501 353 836 393 consecutum.
916 342 991 392 his
1037 343 1308 393 accedebat
1353 345 1587 407 splendor
1632 361 1826 394 reorum
1872 355 1923 396 et

252 423 543 487 magnitudo
590 441 859 484 causarum,
902 440 1029 488 quae
1071 433 1119 473 et
1156 423 1262 487 ipsa
1291 422 1574 489 'plurimum
1611 426 1922 491 eloquentiae

251 514 512 567 praestant.
580 522 697 553 nam
733 507 943 554 multum
976 505 1188 566 interest,
1217 514 1447 555 utrumne
1470 507 1535 555 de
1565 508 1695 556 furto
1721 516 1808 557 aut
1830 509 1922 557 for·

252 586 387 633 mula
410 593 459 633 et
482 584 744 633 interdicto
769 584 1039 634 dicendum
1070 586 1267 646 habeas,
1295 603 1360 634 an
1389 587 1454 635 de
1484 586 1682 654 ambitu‘
1701 587 1922 637 comitio·
1943 599 1967 639 5

204 688 224 731 5
251 682 372 724 rum,
393 664 613 727 expilatis
638 664 783 714 sociis
803 674 852 714 et
870 665 1058 714 civibus
1077 665 1342 715 trucidatis.
1381 682 1510 730 quae
1528 668 1657 716 mala
1675 666 1801 717 sicut
1817 684 1920 717 non

251 745 475 794 accidere
503 745 679 801 melius
716 755 790 794 est
813 745 954 809 isque
986 746 1202 808 optimus
1234 746 1442 796 civitatis
1475 756 1628 796 status
1660 748 1920 798 habendus

252 834 336 885 est,
365 825 417 873 in
445 842 546 889 quo
578 825 701 874 nihil
726 828 822 875 tale
849 826 1074 889 patimur,
1102 825 1170 874 ita
1201 843 1316 875 cum
1348 826 1641 888 acciderent,
1662 827 1920 892 ,ingentem

251 904 563 968 eloquentiae
603 905 858 954 materiam
900 906 1349 955 subministrabant.
1423 907 1596 956 crescit
1634 907 1766 957 enim
1804 924 1919 957 cum

249 985 575 1048 amplitudine
611 1003 771 1035 rerum
804 986 876 1035 vis
908 986 1103 1049 ingenii,
1132 1004 1224 1036 nec
1260 987 1523 1051 quisquam
1558 990 1739 1038 claram
1771 997 1821 1038 et
1851 988 1921 1038 in-
1945 1005 1995 1035 ιο

248 1066 450 1114 lustrem
492 1066 766 1115 orationem
814 1067 1005 1116 efficere
1045 1076 1208 1131 potest
1249 1067 1342 1116 nisi
1383 1067 1469 1131 qui
1509 1085 1709 1118 causam
1749 1085 1918 1133 parem

200 1154 225 1194 6
248 1146 446 1195 invenit.
492 1164 607 1207 non,
628 1147 815 1209 opinor,
830 1149 1222 1196 Demosthenem
1241 1147 1486 1197 orationes
1505 1148 1775 1210 inlustrant,
1795 1165 1918 1213 quas

247 1228 480 1276 adversus
519 1235 702 1276 tutores
741 1243 856 1275 suos
892 1228 1184 1290 composuit,
1220 1244 1313 1277 nec
1349 1228 1642 1278 Ciceronem
1683 1245 1917 1292 magnum

247 1317 491 1357 oratorem
516 1310 568 1356 P.
593 1307 827 1369 Quintius
856 1308 1087 1356 defensus
1116 1317 1201 1356 aut
1226 1308 1444 1357 Licinius
1468 1309 1674 1358 Archias
1702 1309 1916 1359 faciunt:

248 1388 460 1439 Catilina
493 1397 541 1437 et
568 1388 694 1437 Milo
727 1396 775 1437 et
793 1389 970 1437 Verres
1006 1397 1055 1437 et
1079 1388 1326 1437 Antonius
1358 1390 1487 1438 hanc
1519 1388 1589 1438 illi
1619 1391 1802 1439 famam
1828 1389 1918 1450 cir·
1942 1409 1990 1452 15

246 1470 620 1530 cumdederunt,
648 1485 751 1518 non
784 1469 900 1532 quia
931 1469 1053 1518 tanti
1085 1469 1228 1519 fuerit
1259 1469 1327 1519 rei
1350 1470 1579 1533 publicae
1611 1473 1766 1520 malos
1795 1472 1918 1522 ferre

246 1551 390 1611 civeS‚
419 1560 474 1600 ut
497 1552 701 1600 uberem
733 1551 798 1600 ad
827 1549 1098 1600 dicendum
1130 1551 1384 1600 materiam
1415 1561 1629 1602 oratores
1662 1552 1913 1613 haberent,

246 1634 348 1698 sed,
388 1641 442 1680 ut
483 1632 697 1681 subinde
737 1633 1000 1692 admoneo,
1041 1631 1342 1695 quaestionis
1390 1631 1758 1682 meminerimus
1799 1632 1918 1682 scia·

246 1729 456 1777 musque
481 1729 571 1762 nos
597 1714 662 1762 de
686 1729 745 1762 ea
768 1730 819 1762 re
844 1712 993 1776 loqui,
1013 1729 1141 1776 quae
1164 1712 1353 1762 facilius
1378 1712 1586 1762 turbidis
1612 1722 1660 1762 et
1685 1712 1915 1777 inquietis

201 1793 550 1858 7temporibus
584 1793 755 1843 existit.
830 1793 939 1856 quis
972 1792 1161 1855 ignorat
1193 1792 1357 1842 utilius
1389 1809 1447 1842 ac
1480 1792 1654 1842 melius
1687 1809 1795 1843 esse
1822 1793 1915 1843 frui
1940 1814 1991 1842 20

244 1892 368 1939 pace
406 1892 556 1939 quam
598 1875 730 1924 bello
765 1873 963 1924 vexari?
1015 1873 1165 1938 pluris
1201 1882 1368 1923 tamen
1405 1874 1563 1923 bonos
1598 1874 1915 1938 proeliatores

196 1972 219 2010 8
243 1958 374 2006 bella
398 1973 548 2020 quam
573 1972 669 2019 pax
696 1957 869 2004 ferunt.
944 1954 1114 2003 similis
1147 1954 1458 2018 eloquentiae
1482 1954 1724 2004 condicio.
1797 1971 1914 2004 nam

244 2055 345 2102 quo
378 2037 571 2101 saepius
609 2036 794 2086 steterit
830 2045 1083 2099 tamquam
1120 2035 1170 2084 in
1202 2035 1308 2085 acie
1340 2052 1540 2099 quoque
1575 2035 1726 2099 pluris
1762 2044 1811 2085 et
1846 2035 1915 2084 in-

244 2118 406 2168 tulerit
435 2118 559 2167 ictus
593 2126 641 2166 et
673 2115 917 2179 exceperit
949 2132 1148 2179 quoque
1185 2115 1392 2164 maiores
1428 2115 1728 2165 adversarios
1764 2114 1914 2164 acrio-

243 2217 419 2263 resque
443 2215 632 2262 pugnas
661 2197 755 2246 sibi
779 2197 885 2260 ipsa
908 2196 1247 2259 desumpserit,
1275 2205 1413 2245 tanto
1441 2196 1582 2244 altior
1606 2205 1654 2244 et
1679 2195 1913 2245 excelsior
1937 2210 1986 2249 25

244 2290 293 2329 et
317 2280 409 2328 illis
434 2278 692 2327 nobilitata
710 2277 1075 2326 discriminibus
1101 2276 1151 2324 in
1176 2292 1261 2325 ore
1283 2275 1543 2325 hominum
1567 2275 1677 2338 agit,
1700 2291 1911 2338 quorum

244 2377 302 2408 ea
325 2369 498 2408 natura
522 2367 606 2418 est,
635 2367 688 2406 ut
714 2374 883 2406 secura
908 2357 1101 2408 †velint.

154 2435 218 2493 38
310 2442 531 2487 Transeo
569 2439 634 2486 ad
672 2439 879 2485 formam
923 2445 971 2485 et
1007 2435 1418 2485 consuetudinem
1454 2444 1673 2484 veterum
1709 2434 1911 2485 iudicio-

296 2581 320 2606 2
354 2568 528 2606 accedat
563 2565 675 2605 ΕΒΔ
889 2567 916 2603 6
955 2566 1007 2604 de
1040 2564 1241 2614 expilatis
1273 2563 1411 2605 CDA:
1457 2569 1530 2603 aut
1562 2562 1762 2613 expilatis
1800 2562 1906 2604 Gud.

243 2622 405 2661 civibus
425 2620 519 2659 Put.
541 2634 548 2658 :
581 2619 802 2658 comitibus
824 2618 931 2658 codd.
1116 2620 1142 2658 8
1172 2625 1238 2657 est
1258 2631 1339 2657 om.
1365 2618 1476 2657 CAE
1483 2615 1522 2654 V
1703 2618 1753 2655 16
1781 2616 1909 2656 suerit

242 2675 440 2725 Madvig:
472 2674 548 2712 suit
567 2673 674 2711 codd.
790 2686 843 2712 20
874 2673 1019 2711 existit
1050 2672 1191 2723 Lips.:
1224 2673 1386 2711 exstitit
1417 2670 1526 2711 codd.
1640 2683 1692 2719 24
1721 2670 1907 2711 maiores

242 2728 507 2769 adversarios
525 2728 796 2776 acrioresque
817 2739 981 2776 pugnas
1010 2726 1085 2764 sibi
1116 2725 1358 2764 Boetticher:
1404 2725 1538 2763 maior
1555 2724 1826 2763 aduersarius
1853 2737 1907 2763 eo

245 2786 316 2836 (ei,
341 2785 401 2835 et)
424 2782 564 2821 acrior
581 2781 653 2829 qui
676 2793 842 2830 pugnas
863 2781 940 2818 sibi
962 2779 1071 2818 codd.
1202 2791 1252 2829 25
1283 2780 1375 2828 ipsa
1396 2778 1544 2817 Orelli:
1576 2778 1691 2827 ipsas
1715 2778 1824 2828 (ipse
1846 2778 1903 2826 B)

243 2837 350 2876 codd.
525 2836 578 2874 26
608 2835 829 2873 nobilitata
866 2833 1083 2871 Latinius:
1127 2833 1438 2871 discriminibus
1475 2831 1612 2881 Lupa:
1659 2831 1904 2870 nobilitatus

242 2890 487 2930 criminibus
525 2887 634 2927 codd.
837 2900 887 2936 27
919 2887 1053 2925 nolint
1091 2886 1250 2925 Βήθης
1301 2885 1537 2935 periculosa
1584 2885 1790 2923 extollant
1832 2885 1911 2934 <vel

244 2947 462 2993 mirentur)
485 2941 576 2982 add,
596 2941 711 2990 solm
728 2954 741 2980 .·
765 2941 958 2979 lacunam
982 2945 1127 2978 notant
1146 2941 1220 2977 alii
