2138 3470
614 167 972 217 DIALOGUS
1012 166 1106 215 DE
1142 166 1598 216 ORATORIBUS

274 309 430 358 multa
470 306 673 371 quidem
709 305 942 356 omnibus
979 305 1184 356 saeculis
1220 308 1442 370 exempla
1476 305 1644 367 edidit,
1681 309 1747 357 ad
1782 325 1933 372 quam

273 405 432 453 usque
477 390 725 438 fortunam
772 387 1000 438 homines
1041 387 1224 452 ingenii
1261 387 1442 438 viribus
1483 388 1803 452 pervenerint,
1845 393 1934 440 sed

273 470 407 530 haec,
426 477 482 518 ut
503 485 650 533 supra
673 468 786 529 dixi,
805 468 1028 533 proxima
1045 478 1094 519 et
1112 486 1239 533 quae
1257 486 1359 519 non
1375 469 1548 519 auditu
1571 473 1930 534 cognoscenda,

273 551 363 600 sed
387 549 543 600 oculis
568 551 840 614 spectanda
864 551 1170 600 haberemus.
1233 567 1347 600 nam
1372 567 1474 615 quo
1502 550 1748 601 sordidius
1777 560 1826 601 et
1852 553 1935 602 ab·
1959 564 1983 603 3

225 647 248 688 5
272 631 445 681 iectius
480 631 582 680 nati
617 640 733 680 sunt
767 648 969 695 quoque
1004 631 1266 681 notabilior
1302 640 1562 696 paupertas
1598 641 1647 681 et
1680 633 1934 697 angustiae

273 729 435 762 rerum
469 713 716 762 nascentis
753 729 838 762 eos
876 712 1313 774 circumsteterunt,
1354 730 1415 763 eo
1450 712 1651 763 clariora
1680 722 1729 763 et
1759 715 1825 763 ad
1852 716 1934 763 de-

274 794 645 842 monstrandam
692 793 932 843 oratoriae
979 794 1291 857 eloquentiae
1344 794 1603 844 utilitatem
1658 794 1935 846 inlustriora

273 876 498 938 exempla
543 882 670 934 sunt,
720 876 858 937 quod
905 874 1011 924 sine
1056 875 1489 926 commendatione
1534 875 1783 936 natalium,
1828 876 1935 926 sine

273 955 546 1004 substantia
569 957 872 1016 facultatum,
900 965 1073 1005 neuter
1102 956 1318 1006 moribus
1352 956 1582 1021 egregiuS,
1610 959 1731 1028 alter
1762 957 1933 1006 habitu

202 1052 251 1080 10
272 1053 473 1100 quoque
496 1035 714 1100 corporis
732 1032 1060 1100 contemptuS,
1084 1054 1170 1101 per
1194 1040 1374 1088 multos
1399 1037 1496 1086 iam
1520 1054 1678 1087 annos
1703 1038 1935 1102 potentis-

272 1116 382 1165 simi
406 1125 522 1166 sunt
545 1116 752 1166 civitatis
775 1134 848 1177 ac,
876 1114 1039 1168 donec
1067 1118 1222 1178 libuit,
1250 1118 1493 1183 principes
1517 1119 1622 1179 fori,
1649 1136 1783 1168 nunc
1806 1118 1934 1183 prin-

271 1197 406 1262 cipes
429 1197 482 1246 in
507 1197 731 1248 Caesaris
759 1198 976 1249 amicitia
1006 1208 1159 1264 agunt
1194 1202 1454 1264 feruntque
1486 1209 1665 1249 cuncta
1692 1209 1841 1263 atque
1868 1201 1932 1249 ab

270 1278 379 1343 ipso
414 1278 635 1344 principe
666 1296 781 1329 cum
814 1282 1031 1344 quadam
1066 1281 1334 1331 reverentia
1368 1281 1647 1346 diliguntur,
1675 1281 1791 1345 quia
1814 1283 1934 1331 Ves-

271 1359 515 1424 pasianus,
564 1360 856 1411 venerabilis
914 1378 1064 1411 senex
1113 1370 1162 1412 et
1213 1362 1595 1426 patientissimus
1640 1362 1754 1424 veri,
1803 1363 1933 1413 bene

200 1457 246 1497 15
271 1441 508 1505 intellegit
542 1439 623 1508 [et]
651 1451 841 1491 ceteros
877 1442 1081 1505 quidem
1116 1443 1302 1493 amicos
1335 1460 1450 1493 suos
1484 1444 1542 1493 iis
1574 1443 1676 1505 niti,
1706 1461 1833 1508 quae
1866 1445 1931 1493 ab

270 1521 379 1586 ipso
411 1522 691 1586 acceperint
726 1539 955 1586 quaeque
990 1523 1106 1587 ipsis
1141 1526 1452 1575 accumulare
1487 1533 1536 1575 et
1571 1524 1622 1574 in
1659 1524 1780 1574 alios
1817 1542 1932 1574 con-

268 1620 434 1668 gerere
457 1612 742 1667 promptum
767 1604 840 1664 sit,
872 1607 1164 1654 Marcellum
1188 1615 1353 1656 autem
1379 1615 1427 1656 et
1453 1606 1683 1670 Crispum
1710 1606 1932 1656 attulisse

267 1685 333 1734 ad
372 1684 640 1734 amicitiam
686 1702 827 1734 suam
868 1687 1006 1749 quod
1047 1703 1149 1736 non
1187 1703 1216 1736 a
1253 1687 1473 1751 principe
1518 1687 1797 1751 acceperint
1837 1704 1930 1736 nec

267 1765 424 1830 accipi
448 1765 615 1830 possit.
688 1766 949 1816 minimum
985 1766 1111 1817 inter
1145 1776 1219 1817 tot
1249 1785 1308 1817 ac
1342 1777 1477 1818 tanta
1509 1770 1674 1818 locum
1703 1768 1930 1818 obtinent
1951 1775 1976 1814 4

197 1865 246 1893 20
267 1846 503 1912 imagines
534 1864 594 1896 ac
626 1846 754 1897 tituli
782 1857 832 1897 et
859 1857 1061 1909 statuae,
1089 1865 1217 1912 quae
1246 1866 1408 1912 neque
1440 1849 1546 1913 ipsa
1577 1859 1742 1899 tamen
1771 1852 1930 1913 negle-

267 1937 457 1993 guntur,
499 1937 602 1977 tam
648 1930 847 1979 hercule
887 1946 1038 1993 quam
1078 1929 1277 1979 divitiae
1315 1939 1363 1979 et
1403 1947 1536 1994 opes,
1578 1947 1699 1994 quas
1740 1930 1928 1980 facilius

268 2007 486 2057 invenies
533 2008 619 2072 qui
665 2008 906 2073 vituperet
951 2027 1101 2073 quam
1149 2010 1234 2074 qui
1280 2010 1506 2060 fastidiat.
1579 2010 1655 2059 his
1701 2010 1846 2074 igitur
1880 2020 1929 2060 et

268 2088 538 2138 honoribus
555 2099 604 2138 et
620 2090 921 2139 ornamentis
939 2099 989 2140 et
1006 2090 1319 2140 facultatibus
1344 2093 1540 2140 refertas
1559 2092 1737 2140 domos
1757 2109 1925 2141 eorum

268 2169 505 2231 videmus,
533 2170 620 2234 qui
643 2187 697 2220 se
719 2172 784 2220 ab
809 2170 1011 2220 ineunte
1033 2171 1369 2221 adulescentia
1392 2171 1550 2221 causis
1579 2172 1854 2222 forensibus
1879 2182 1927 2221 et

196 2270 244 2310 25
268 2251 480 2300 oratorio
504 2251 670 2300 studio
693 2253 951 2301 dederunt.

336 2332 467 2379 Nam
508 2331 725 2380 carmina
763 2340 812 2380 et
852 2348 1033 2392 versuS‚
1071 2331 1251 2395 quibus
1289 2341 1443 2382 totam
1480 2332 1630 2382 vitam
1670 2335 1924 2382 Maternus
1948 2338 1983 2385 9

267 2409 513 2459 insumere
536 2420 675 2474 optat
700 2411 838 2475 (inde
862 2412 994 2461 enim
1018 2412 1180 2461 omnis
1210 2412 1346 2462 fluxit
1370 2412 1560 2477 oratio),
1588 2431 1750 2476 neque
1774 2413 1927 2477 digni-

267 2499 418 2539 tatem
442 2493 593 2539 ullam
617 2492 902 2541 auctoribus
921 2492 1021 2541 suis
1040 2493 1305 2542 conciliant
1324 2511 1486 2556 neque
1504 2494 1735 2543 utilitates
1759 2497 1895 2543 alunt
1912 2514 1926 2554 ,-

268 2573 570 2634 voluptatem
594 2581 761 2620 autern
794 2573 1007 2632 brevem,
1035 2574 1234 2622 laudem
1263 2573 1461 2623 inanem
1493 2583 1543 2622 et
1574 2574 1924 2623 infructuosam

196 2672 246 2710 30
267 2660 650 2715 consequuntur.
723 2651 837 2701 licet
874 2654 997 2702 haec
1036 2652 1141 2716 ipsa
1178 2663 1227 2702 et
1265 2671 1392 2717 quae
1431 2654 1666 2718 deinceps
1707 2655 1924 2704 dicturus
1952 2671 1971 2697 2

322 2792 347 2830 5
377 2793 546 2830 quoque
565 2780 633 2820 B:
663 2794 854 2831 quosque
874 2784 955 2820 cett.
1167 2782 1389 2831 angustiae
1413 2783 1625 2835 (angustia
1645 2781 1761 2835 Put.)
1785 2795 1924 2822 rerum

268 2832 381 2884 Lips.
401 2847 410 2872 :
452 2835 648 2884 angustia
687 2842 879 2885 ereptum
917 2834 1024 2874 codd.
1219 2848 1267 2886 15
1308 2842 1350 2876 et
1388 2837 1517 2876 sentit
1555 2837 1718 2877 Krautt
1769 2842 1810 2875 et
1848 2837 1921 2877 del.

269 2887 394 2926 Put.:
428 2892 522 2937 post
540 2901 731 2938 quaeque
751 2889 908 2928 collocat
926 2889 1046 2927 Peter
1197 2891 1247 2928 16
1276 2890 1399 2942 ipsis]
1422 2891 1503 2940 ipsi
1523 2889 1636 2941 Lips.
1796 2904 1840 2940 17
1871 2891 1925 2930 sit

269 2940 431 2980 Halm:
463 2947 528 2980 est
548 2942 655 2982 codd.
815 2956 867 2992 24
896 2943 1205 2995 adulescentia]
1228 2950 1368 2983 aetate
1387 2944 1676 2984 adulescentia
1698 2944 1756 2983 C:
1785 2952 1924 2984 aetate

204 2996 207 3000 “
269 2993 455 3033 Heraeus
617 3008 672 3045 3ο
701 2996 855 3035 deinde
877 2997 953 3036 CD
