2138 3470
851 181 1234 228 GERMANIA

213 323 367 388 aperit
415 323 580 372 adhuc
623 331 809 372 secreta
844 320 1056 385 pectoris
1094 319 1292 370 licentia
1316 319 1466 382 'ioci5
1518 335 1633 383 ergo
1674 321 1870 369 detecta

213 413 263 454 et
300 404 435 453 nuda
471 402 697 453 omnium
733 419 886 452 mens.
958 411 1154 466 postera
1193 401 1276 452 die
1312 409 1611 460 retractatur,
1651 409 1700 450 et
1738 402 1870 449 salva

212 485 467 548 utriusque
504 483 740 548 temporis
776 483 900 533 ratio
936 492 1040 535 est:
1089 482 1376 543 deliberant,
1416 483 1538 532 dum
1569 483 1753 546 fingere
1789 498 1871 530 ne-

213 564 389 625 sciunt,
416 564 737 625 constituunt,
764 565 887 614 dum
910 581 1068 614 errare
1091 580 1194 613 non
1218 572 1439 627 possunt.

166 662 190 703 5
280 645 427 695 Potui
450 662 594 694 umor
617 662 676 694 ex
698 646 888 694 hordeo
911 653 995 694 aut
1019 646 1280 704 frumento,
1297 642 1349 692 in
1374 645 1626 707 quandam
1649 641 1871 694 similitu·
1893 653 1959 700 23

213 726 383 776 dinem
415 725 516 775 vini
548 734 834 789 corruptus:
886 724 1096 788 proximi
1128 724 1261 788 ripae
1291 733 1342 774 et
1368 723 1539 774 vinum
1574 732 1865 772 mercantur.

214 806 312 856 cibi
337 806 598 870 simpliceS‚
617 805 824 870 agrestia
846 822 1010 868 poma,
1031 821 1202 854 recens
1220 807 1322 854 sera
1343 813 1429 854 aut
1452 806 1528 853 lac
1551 812 1869 853 concretum:

214 887 321 937 sine
343 897 593 951 apparatu,
620 887 727 937 sine
750 886 1101 936 blandimentis
1125 888 1375 949 expellunt
1392 887 1588 934 famem.
1636 885 1871 934 adversus

216 967 348 1017 sitim
372 984 474 1017 non
499 970 675 1018 eadem
698 966 1033 1031 temperantia.
1107 966 1148 1015 si
1171 965 1432 1016 indulseris
1456 964 1679 1015 ebrietati
1702 981 1872 1028 sugge-
1897 979 1916 1005 2

145 1067 195 1096 10
216 1050 373 1098 rendo
397 1057 637 1113 quantum
662 1047 1034 1112 concupiscunt,
1060 1048 1197 1097 haud
1220 1046 1384 1096 minus
1406 1045 1550 1096 facile
1566 1045 1695 1096 vitiis
1718 1062 1870 1110 quam

214 1128 361 1178 armis
385 1128 653 1178 vincentur.

281 1210 454 1259 Genus
492 1210 885 1272 spectaculorum
922 1226 1078 1258 unum
1115 1217 1266 1272 atque
1297 1205 1349 1258 in
1380 1207 1520 1258 omni
1547 1216 1693 1258 coetu
1716 1206 1865 1257 idem.
1893 1217 1960 1266 24

213 1288 335 1338 nudi
367 1288 583 1351 iuveneS,
610 1289 791 1354 quibus
822 1289 876 1339 id
898 1289 1144 1339 ludicrum
1167 1298 1256 1350 est,
1281 1288 1408 1338 inter
1430 1287 1620 1352 gladios
1643 1304 1698 1338 se
1720 1297 1870 1352 atque

214 1369 415 1419 infestas
461 1372 669 1420 frameas
715 1372 843 1419 saltu
879 1369 1076 1420 iaciunt.
1149 1368 1430 1419 exercitatio
1476 1377 1631 1418 artem
1667 1368 1868 1432 paravit,
1897 1395 1918 1422 2

144 1461 191 1504 15
214 1466 292 1500 ars
315 1452 562 1511 decorem,
582 1467 685 1500 non
709 1450 760 1499 in
786 1459 1045 1514 quaestum
1067 1459 1236 1500 tamen
1259 1458 1344 1499 aut
1368 1451 1648 1500 mercedem
1668 1467 1678 1499 :
1702 1465 1871 1512 quam-

213 1529 286 1579 vis
331 1530 534 1581 audacis
580 1530 807 1580 lasciviae
852 1530 1064 1594 pretium
1122 1539 1197 1580 est
1242 1531 1468 1592 voluptas
1524 1529 1867 1592 spectantium.

211 1611 385 1671 aleam,
402 1612 540 1674 quod
564 1610 750 1671 mirere,
768 1610 919 1660 sobrii
936 1610 1063 1660 inter
1080 1610 1205 1660 seria
1228 1618 1469 1670 exercent,
1490 1618 1627 1658 tanta
1650 1609 1872 1659 lucrandi
1895 1628 1920 1669 3

211 1691 513 1754 perdendive
547 1691 835 1751 temeritate,
868 1700 937 1752 ut,
977 1708 1091 1741 cum
1124 1691 1294 1741 omnia
1326 1692 1626 1750 defecerunt,
1654 1698 1872 1739 extremo

212 1787 272 1820 ac
295 1771 564 1822 novissimo
595 1771 727 1821 iactu
758 1774 823 1822 de
857 1772 1081 1821 libertate
1114 1789 1174 1821 ac
1210 1773 1275 1821 de
1310 1788 1515 1835 corpore
1550 1771 1868 1821 contendant.

142 1864 193 1895 ²0
212 1850 371 1902 victus
426 1851 751 1902 voluntariam
810 1851 1093 1901 servitutem
1149 1851 1282 1901 adit:
1348 1850 1573 1915 quamvis
1634 1850 1870 1912 iuvenior,
1893 1866 1921 1906 4

211 1932 437 1996 quamvis
461 1932 718 1993 robustior,
745 1932 947 1996 adligari
972 1949 1024 1982 se
1047 1948 1107 1981 ac
1124 1932 1290 1982 venire
1314 1931 1506 1996 patitur.
1564 1948 1624 1981 ea
1647 1940 1720 1981 est
1744 1931 1796 1980 in
1819 1948 1872 1982 re

210 2027 360 2076 prava
397 2012 700 2076 pervicacia3
746 2011 840 2076 ipsi
885 2014 1037 2063 fidem
1083 2021 1274 2063 vocant.
1348 2028 1513 2062 servos
1562 2011 1870 2062 condicionis

210 2093 356 2142 huius
380 2109 467 2157 per
489 2092 787 2143 commercia
809 2095 1023 2154 tradunt,
1044 2101 1098 2143 ut
1121 2109 1176 2144 se
1199 2108 1400 2157 quoque
1424 2094 1614 2156 pudore
1638 2092 1869 2142 victoriae

210 2175 475 2224 exsolvant.

138 2268 188 2310 25
278 2254 467 2304 Ceteris
521 2253 670 2304 servis
715 2270 819 2305 non
865 2254 917 2304 in
964 2263 1186 2304 nostrum
1237 2269 1425 2303 morem
1480 2252 1724 2317 discriptis
1782 2270 1870 2318 per
1894 2271 1958 2321 25

209 2334 445 2384 familiam
491 2335 771 2386 ministeriis
817 2345 1049 2386 utuntur:
1099 2352 1239 2385 suam
1275 2335 1485 2399 quisque
1526 2336 1711 2395 sedem,
1752 2352 1867 2385 suos

209 2424 413 2477 penates
448 2416 582 2479 regit.
654 2417 884 2465 frumenti
924 2418 1132 2466 modum
1168 2416 1401 2466 dominus
1438 2424 1522 2465 aut
1557 2416 1749 2478 pecoris
1784 2426 1870 2466 aut

208 2495 356 2544 vestis
390 2504 445 2544 ut
479 2498 661 2545 colono
696 2495 919 2560 iniungit,
946 2506 995 2546 et
1031 2514 1197 2546 servus
1231 2499 1470 2546 hactenus
1504 2505 1670 2559 paret:
1709 2505 1869 2546 cetera

209 2575 388 2624 domus
412 2575 573 2625 officia
595 2593 717 2626 uxor
738 2593 798 2626 ac
821 2577 961 2627 liberi
979 2587 1322 2641 exsequuntur.
1395 2577 1649 2626 verberare
1675 2593 1867 2626 servum
1894 2599 1914 2627 2

138 2669 188 2707 30
209 2671 268 2704 ac
301 2656 507 2706 vinculis
543 2667 592 2709 et
626 2675 775 2722 opere
809 2677 1035 2730 coercere
1071 2678 1262 2711 rarum:
1303 2659 1530 2710 occidere
1564 2661 1737 2718 solent,
1766 2675 1867 2708 non

209 2736 468 2801 disciplina
491 2747 540 2788 et
576 2740 845 2802 severitate,
871 2743 960 2792 sed
983 2741 1171 2806 impetu
1202 2750 1251 2792 et
1282 2741 1366 2802 ira,
1393 2750 1447 2791 ut
1473 2739 1743 2799 inimicum,
1774 2738 1867 2788 nisi

265 2869 284 2896 1
317 2857 371 2896 ad
402 2857 483 2898 hec
510 2857 585 2899 A:
624 2859 762 2899 adhec
788 2859 832 2898 B
985 2861 1067 2901 loci
1091 2860 1261 2901 A²B2H
1478 2873 1526 2912 14
1557 2860 1757 2901 excitatio
1790 2859 1867 2899 CD

207 2915 331 2958 parat
361 2911 406 2951 D
543 2924 593 2963 15
622 2914 820 2953 mercede
853 2915 897 2953 D
1047 2917 1097 2954 16
1123 2915 1406 2965 spectantium
1438 2914 1506 2955 B:
1526 2914 1863 2965 „expectantium

204 2967 290 3004 cett.
459 2967 508 3005 18
537 2967 772 3008 defecerint
790 2968 833 3006 Β
999 2980 1051 3018 25
1080 2969 1291 3019 discriptis
1303 2967 1605 3021 Reg'ffi’rscheid:
1636 2966 1862 3017 descriptis

207 3016 316 3058 codd.
483 3021 537 3059 28
565 3020 629 3071 et]
651 3028 696 3062 ut
715 3021 818 3062 AB²
