2138 3470
791 149 1139 200 CORNELII
1176 149 1421 201 TACITI

227 303 250 344 5
276 305 399 353 quar
429 305 564 339 nunc
595 286 968 339 exercitationes
986 285 1186 338 eorum.
1259 304 1563 353 quamquam
1599 287 1719 353 ipsis
1753 287 1939 339 artibus

275 369 404 422 inest
425 368 718 429 exercitatiO,
747 385 840 418 nec
865 368 1127 432 quisquam
1159 368 1410 433 percipere
1434 378 1508 419 tot
1523 378 1633 419 -tam
1661 369 1939 420 reconditas

275 459 375 499 tam
399 449 555 500 varias
579 467 654 499 res
679 458 854 513 potest,
883 449 977 498 nisi
1001 458 1056 499 ut
1079 449 1314 500 scientiae
1339 450 1608 512 meditatio,
1631 449 1939 501 meditationi

273 532 490 591 facultas,
518 529 737 580 facultati
761 546 878 580 usus
903 530 1217 593 eloquentiae
1243 532 1462 580 accedat.
1535 548 1622 596 per
1649 549 1777 596 quae
1809 531 1940 583 colli-

272 611 400 675 gitur
439 612 650 661 eandem
692 627 800 660 esse
840 610 1081 660 rationem
1124 621 1174 661 et
1213 611 1517 676 percipiendi
1558 628 1686 676 quae
1722 614 1938 677 proferas
1962 625 1986 667 5

223 702 248 741 6
273 700 323 741 et
353 691 632 756 proferendi
664 708 791 754 quae
827 691 1116 755 perceperis.
1190 693 1280 741 sed
1312 691 1353 740 si
1385 692 1466 741 cui
1497 691 1782 742 obscuriora
1815 694 1939 743 haec

272 773 501 822 videntur
523 772 664 837 isque
688 772 945 823 scientiam
968 773 1033 822 ab
1059 772 1406 822 exercitatione
1430 783 1632 837 separat,
1661 772 1783 824 illud
1807 782 1939 824 certe

273 854 527 913 concedet,
555 853 847 903 instructum
880 862 930 903 et
964 855 1169 918 plenum
1205 853 1281 903 his
1316 853 1502 904 artibus
1535 854 1757 905 animum
1793 856 1938 920 longe

271 932 565 996 paratiorem
599 935 665 984 ad
701 951 782 983 eas
821 933 1193 984 exercitationes
1235 943 1508 996 venturum,
1548 952 1676 999 quae
1713 934 1938 1000 propriae

272 1030 380 1063 esse
408 1023 656 1064 oratorum
685 1015 925 1065 videntur.
1896 1060 1900 1064 .
1963 1028 2014 1059 10

180 1107 247 1156 34
326 1092 472 1159 'Ergo
506 1097 641 1159 apud
676 1096 884 1145 maiores
921 1104 1114 1146 nostros
1150 1096 1339 1146 iuvenis
1375 1096 1467 1156 ille,
1497 1097 1582 1160 qui
1617 1099 1723 1147 foro
1759 1105 1808 1147 et
1842 1099 1938 1147 elo-
1989 1127 1993 1133 Δ

271 1175 503 1240 quentiae
539 1177 812 1241 parabatur,
849 1177 1068 1227 imbutus
1107 1177 1205 1226 iam
1248 1177 1521 1227 domestica
1559 1177 1830 1242 disciplina,
1869 1195 1938 1228 re-

270 1257 420 1305 fertus
450 1257 670 1306 honestis
703 1257 876 1307 studiis
906 1258 1247 1307 deducebatur
1275 1275 1305 1306 a
1332 1266 1469 1320 patre
1493 1259 1570 1306 vel
1594 1275 1623 1306 a
1647 1257 1936 1322 propinquis

269 1338 335 1386 ad
355 1354 469 1386 eum
494 1347 749 1398 oratorem,
769 1338 854 1401 qui
878 1338 1153 1401 principem
1178 1338 1229 1386 in
1253 1338 1448 1387 civitate
1472 1339 1638 1387 locum
1662 1337 1932 1388 obtinebat.

225 1433 244 1460 2
270 1418 404 1466 hunc
440 1417 626 1478 sectari,
654 1419 788 1467 hunc
820 1418 1063 1481 prosequi,
1093 1417 1238 1467 huius
1271 1417 1502 1467 omnibus
1535 1417 1835 1468 dictionibus
1867 1417 1936 1468 in·
1962 1434 2011 1476 ¹5

271 1507 452 1548 teresse
483 1498 584 1548 sive
620 1497 671 1547 in
707 1498 899 1548 iudiciis
936 1498 1037 1548 sive
1066 1498 1117 1547 in
1153 1497 1468 1547 contionibus
1504 1499 1841 1560 adsuescebat‚
1869 1498 1937 1548 ita

271 1587 326 1628 ut
348 1578 688 1628 altercationes
714 1595 913 1642 quoque
947 1578 1191 1641 exciperet
1222 1587 1271 1627 et
1300 1577 1463 1642 iurgiis
1498 1577 1752 1628 interesset
1783 1587 1936 1644 utque

221 1668 244 1707 3
271 1659 341 1708 sic
378 1658 596 1719 dixerim,
635 1675 852 1723 pugnare
888 1658 939 1707 in
980 1657 1168 1722 proelio
1207 1657 1427 1708 disceret.
1503 1675 1708 1723 magnus
1745 1676 1804 1709 ex
1839 1660 1936 1710 hoc

272 1756 402 1800 usus,
425 1740 636 1788 multum
661 1738 977 1798 constantiae,
1001 1738 1266 1802 plurimum
1293 1738 1462 1788 iudicii
1488 1738 1746 1789 iuvenibus
1771 1739 1934 1789 statim

271 1818 600 1883 contingebat,
629 1818 680 1867 in
713 1818 878 1868 media
908 1820 1019 1868 luce
1052 1818 1363 1869 studentibus
1389 1828 1539 1884 atque
1563 1819 1689 1870 inter
1713 1820 1818 1886 ipsa
1843 1820 1936 1871 dis·
1961 1838 2010 1867 20

270 1898 487 1958 crimina,
515 1898 602 1947 ubi
626 1915 775 1947 nemo
799 1898 985 1962 inpune
1018 1900 1164 1948 stulte
1196 1898 1383 1963 aliquid
1413 1910 1498 1950 aut
1531 1901 1771 1951 contrarie
1799 1900 1931 1963 dicit,

271 1996 371 2042 quo
407 1977 568 2026 minus
605 1986 654 2026 et
688 1977 835 2027 iudex
873 1988 1069 2043 respuat
1106 1989 1154 2029 et
1191 1981 1495 2032 adversarius
1533 1983 1804 2046 exprobret,
1843 1982 1935 2047 ipsi

222 2074 247 2113 4
271 2058 485 2123 denique
516 2057 743 2108 advocati
775 2069 1107 2123 aspernentur.
1183 2061 1327 2127 igitur
1357 2081 1470 2113 vera
1505 2064 1669 2114 statim
1701 2074 1750 2114 et
1781 2063 1935 2114 incor-

271 2149 412 2204 rupta
440 2139 720 2203 eloquentia
753 2138 1101 2191 imbuebantur
1117 2160 1131 2203 3
1167 2151 1216 2192 et
1247 2160 1550 2209 quamquam
1583 2161 1738 2194 unum
1767 2160 1936 2210 seque-

271 2229 446 2280 rentur,
476 2229 640 2269 tamen
666 2220 826 2270 omnis
853 2220 1074 2272 eiusdem
1099 2223 1271 2274 aetatis
1297 2234 1530 2288 patronos
1556 2224 1606 2275 in
1631 2224 1850 2289 plurimis
1886 2233 1936 2276 et
1961 2242 2008 2283 25

270 2300 428 2350 causis
453 2310 502 2349 et
534 2299 725 2350 iudiciis
757 2303 1123 2366 cognoscebant
1146 2323 1158 2365 3
1196 2306 1548 2370 habebantque
1581 2305 1731 2370 ipsius
1764 2306 1935 2372 populi

269 2381 705 2432 diversissimarum
743 2383 933 2448 aurium
973 2386 1180 2450 copiam,
1210 2405 1269 2437 ex
1298 2405 1395 2451 qua
1428 2387 1570 2437 facile
1601 2389 1935 2452 deprehende-

221 2479 243 2518 5
270 2472 387 2522 rent,
416 2462 535 2526 quid
562 2462 610 2511 in
638 2480 837 2528 quoque
862 2468 938 2515 vel
965 2468 1252 2531 probaretur
1275 2470 1351 2518 vel
1379 2468 1669 2532 displiceret.
1706 2503 1710 2508 -
1742 2467 1810 2517 ita
1841 2485 1934 2518 nec

269 2552 554 2607 praeceptor
579 2546 757 2606 deerat,
781 2548 996 2611 optimus
1017 2549 1219 2614 quidem
1237 2558 1285 2599 et
1302 2548 1634 2609 electissimus,
1654 2548 1739 2612 qui
1757 2548 1932 2599 faciem

269 2624 590 2688 eloquentiae,
642 2645 742 2677 non
801 2630 1064 2695 imaginem
1113 2640 1388 2695 praestaret,
1440 2647 1532 2679 nec
1577 2628 1837 2679 adversarii
1884 2638 1933 2678 et
1957 2644 2008 2684 30

323 2770 348 2795 2
386 2763 447 2798 tot
485 2764 570 2799 tam
615 2760 852 2800 reconditas
896 2766 979 2800 tam
1022 2761 1162 2799 varias
1199 2759 1411 2798 Muretus:
1456 2752 1535 2797 >aut
1570 2757 1812 2798 reconditas
1846 2763 1929 2797 tam

272 2811 362 2851 (aut
389 2810 461 2863 3²)
489 2814 625 2853 uarias
654 2813 791 2853 codd.:
825 2820 909 2853 tam
942 2827 1029 2854 var.
1058 2827 1106 2854 ac
1141 2814 1309 2853 recond.
1338 2811 1445 2852 Gud.
1621 2825 1649 2862 9
1678 2811 1930 2861 paratiorem

273 2863 383 2916 Lips.
405 2881 415 2906 t
444 2866 604 2918 parate,
622 2874 826 2919 paratum,
844 2872 919 2908 διο.
938 2868 1047 2909 codd.
1163 2880 1212 2907 10
1236 2879 1331 2907 esse
1351 2871 1562 2906 oratorum
1582 2864 1693 2905 Rud.
1709 2864 1928 2917 Agn'oela:

272 2924 314 2957 et
333 2928 577 2962 ornaturum
601 2924 775 2973 s-orum)
798 2921 908 2961 codd.
1082 2935 1129 2971 17
1160 2921 1379 2971 exciperet
1402 2950 1409 2958 .
1435 2950 1444 2959 .
1467 2949 1476 2958 .
1500 2920 1726 2959 interesset
1752 2918 1929 2959 Bekker:

273 2975 472 3026 excipere
496 3005 504 3016 .
530 3006 537 3014 .
561 3006 567 3015 .
591 2976 798 3015 interesse
821 2975 929 3015 codd.
1106 2976 1154 3013 18
1185 2986 1359 3024 magnus
1380 2973 1461 3013 3²:
1494 2985 1670 3024 magnos
1691 2977 1773 3014 cett.
