2138 3470
876 178 1259 225 GERMANIA

231 316 355 382 quid
391 316 646 367 fortuitum
682 324 730 365 et
766 315 983 365 subitum
1020 314 1207 375 incidit,
1245 314 1388 363 certis
1425 314 1614 375 diebus,
1655 332 1769 364 cum
1812 323 1896 364 aut

232 398 492 448 incohatur
515 399 633 445 luna
655 405 739 445 aut
763 396 1023 459 impletur3
1058 413 1174 444 nam
1206 394 1409 458 agendis
1434 395 1579 444 rebus
1611 397 1708 444 hoc
1739 394 1898 458 auspi-

235 478 538 529 catissimum
563 477 757 526 initium
782 479 1001 527 credunt.
1075 494 1168 526 nec
1192 476 1383 526 dierum
1409 486 1683 536 numerum,
1710 485 1765 525 ut
1789 493 1895 535 nos,

236 561 326 610 sed
367 558 588 608 noctium
630 566 931 622 computant.
1006 557 1076 606 sic
1123 557 1442 617 constituunt,
1482 556 1551 606 sic
1599 556 1898 606 condicunt:

192 660 214 700 5
238 657 337 690 nox
372 641 552 689 ducere
586 639 721 689 diem
756 639 958 688 videtur.
1034 639 1155 687 illud
1191 656 1249 687 ex
1284 638 1506 687 libertate
1541 637 1728 698 vitium,
1763 638 1900 701 quod
1927 653 1949 692 3

238 734 341 770 non
377 720 523 769 simul
558 737 652 769 nec
686 729 740 768 ut
775 719 894 768 iussi
930 718 1246 778 conveniunt,
1282 720 1371 767 sed
1406 727 1454 768 et
1489 720 1609 767 alter
1645 727 1693 767 et
1731 717 1900 767 tertius

228 800 344 863 ,dies
377 800 692 849 cunctatione
728 800 1015 849 coeuntium
1047 799 1337 849 absumitur.
1411 808 1464 847 ut
1497 799 1669 848 turbae
1700 798 1898 863 placuit,

238 880 505 930 considunt
544 880 729 929 armati.
804 879 1052 929 silentium
1100 897 1187 943 per
1234 881 1526 939 sacerdotes,
1568 879 1748 943 quibus
1795 888 1902 928 tum
1925 889 1952 928 4

238 970 287 1010 et
334 961 596 1010 coercendi
641 961 717 1010 ius
763 970 850 1021 est,
900 960 1178 1024 imperatur.
1252 977 1367 1009 mox
1413 977 1495 1009 rex
1534 962 1612 1010 vel
1658 960 1900 1024 princeps,
1927 977 1949 1019 5

171 1062 216 1091 ιο
239 1050 384 1105 prout
418 1050 552 1091 aetas
588 1041 779 1105 cuique,
814 1042 960 1105 prout
996 1040 1241 1101 nobilitas,
1273 1049 1419 1104 prout
1454 1042 1606 1090 decus
1643 1041 1900 1101 bellorum,

239 1131 385 1185 prout
419 1121 651 1171 facundia
691 1131 778 1182 est,
817 1121 1098 1182 audiuntur,
1137 1121 1426 1171 auctoritate
1464 1121 1707 1171 suadendi
1748 1121 1903 1185 magis

239 1219 390 1266 quam
444 1202 650 1252 iubendi
695 1211 951 1266 potestate.
1026 1202 1066 1252 si
1114 1202 1363 1266 displicuit
1410 1202 1666 1263 sententia,
1707 1202 1903 1252 fremitu
1927 1207 1952 1248 6

239 1291 560 1346 aspernantur
577 1301 591 1343 3
631 1282 706 1331 sin
741 1283 939 1346 placuit,
977 1284 1185 1332 frameas
1223 1282 1542 1333 concutiunt:
1590 1283 1904 1333 honoratissi-

241 1380 379 1412 mum
403 1365 641 1413 adsensus
665 1381 818 1427 genus
844 1374 916 1413 est
940 1364 1086 1414 armis
1111 1366 1322 1414 laudare.

171 1465 218 1506 15
309 1443 449 1494 Licet
493 1446 628 1508 apud
678 1444 943 1494 concilium
998 1461 1228 1494 accusare
1280 1461 1480 1508 quoque
1534 1455 1583 1494 et
1638 1445 1901 1495 discrimen
1925 1458 1980 1504 12

242 1525 414 1589 capitis
450 1525 717 1575 intendere.
791 1526 1041 1575 distinctio
1077 1543 1348 1589 poenarum
1382 1543 1441 1575 ex
1476 1527 1670 1576 delicto.
1743 1527 1905 1591 prodi-

242 1615 371 1655 tores
396 1615 444 1656 et
468 1609 738 1670 transfugas
770 1606 1025 1655 arboribus
1051 1607 1373 1670 suspendunt,
1400 1605 1602 1669 ignavos
1635 1616 1683 1656 et
1711 1606 1904 1657 inbellis

242 1697 291 1736 et
326 1704 531 1751 corpore
566 1687 760 1736 infamis
796 1704 952 1737 caeno
987 1704 1045 1736 ac
1081 1689 1277 1750 palude,
1309 1686 1490 1736 iniecta
1523 1686 1724 1751 insuper
1758 1696 1902 1747 crate,

242 1777 480 1831 mergunt.
553 1767 805 1817 diversitas
831 1767 1058 1832 supplicii
1083 1767 1200 1815 illuc
1224 1767 1434 1830 respicit,
1453 1775 1706 1831 tamquam
1723 1770 1906 1817 scelera
1930 1786 1950 1813 2

172 1870 220 1898 20
243 1849 438 1898 ostendi
470 1858 705 1912 oporteat,
734 1851 854 1898 dum
890 1849 1175 1912 puniuntur,
1203 1848 1385 1912 flagitia
1415 1848 1669 1898 abscondi.
1743 1850 1831 1898 sed
1856 1857 1905 1898 et

242 1929 505 1979 levioribus
529 1929 720 1978 delictis
752 1946 840 1992 pro
871 1932 1024 1979 mod-o
1056 1947 1247 1993 poena:
1297 1946 1536 1993 equorum
1570 1946 1905 1993 pecorumque

243 2027 450 2060 numero
485 2010 697 2059 convicti
733 2013 1011 2060 multantur.
1086 2029 1196 2075 pars
1235 2013 1419 2060 multae
1460 2010 1560 2074 regi
1594 2012 1671 2060 vel
1707 2009 1903 2070 civitati,

242 2107 353 2154 pars
399 2090 492 2153 ipsi
543 2090 627 2154 qui
678 2090 965 2152 vindicatur,
1016 2094 1093 2140 vel
1139 2091 1429 2155 propinquis
1477 2091 1581 2140 eius
1628 2090 1902 2140 exsolvitur.

243 2172 486 2235 eliguntur
509 2171 560 2220 in
584 2171 741 2220 isdem
775 2172 995 2230 conciliis
1028 2183 1076 2221 et
1100 2172 1360 2236 principes,
1388 2171 1473 2234 qui
1509 2171 1613 2220 iura
1643 2187 1730 2234 per
1752 2187 1904 2233 pagos
1927 2183 1949 2222 3

174 2267 220 2308 ²5
243 2251 477 2315 vicosque
512 2253 725 2300 reddunt
742 2270 756 2312 3
803 2253 997 2302 centeni
1035 2252 1237 2316 singulis
1276 2269 1334 2301 ex
1368 2252 1515 2314 plebe
1550 2250 1755 2300 comites
1792 2267 1906 2300 con-

244 2333 406 2382 silium
431 2332 576 2381 simul
601 2341 649 2382 et
672 2323 934 2383 auctoritas
959 2336 1151 2383 adsunt.

312 2413 449 2463 Nihil
473 2423 638 2462 autem
658 2431 820 2477 neque
845 2414 1072 2478 publicae
1097 2430 1259 2476 neque
1283 2412 1498 2476 privatae
1522 2412 1591 2461 rei
1614 2411 1708 2461 nisi
1731 2411 1902 2461 armati
1925 2424 1979 2471 13

243 2504 406 2558 agunt.
481 2496 568 2543 sed
603 2511 739 2544 arma
779 2512 971 2544 sumere
1007 2512 1109 2544 non
1144 2504 1258 2543 ante
1294 2494 1526 2557 cuiquam
1564 2492 1712 2542 moris
1754 2509 1904 2555 quam

245 2576 414 2625 civitas
456 2578 772 2625 suffecturum
814 2575 1102 2639 probaverit.
1176 2584 1281 2623 tum
1328 2574 1379 2622 in
1426 2573 1535 2637 ipso
1576 2572 1787 2622 concilio
1819 2573 1905 2621 ·vel

172 2672 225 2710 30
245 2656 523 2720 principum
558 2656 734 2719 aliquis
757 2658 835 2704 vel
869 2665 1005 2719 pater
1036 2657 1113 2703 vel
1148 2653 1413 2717 propinqui
1448 2663 1589 2702 scuto
1624 2656 1906 2716 frameaque

245 2737 475 2786 iuvenem
500 2746 704 2786 ornant:
741 2738 865 2785 haec
892 2737 1026 2799 apud
1050 2735 1159 2784 illos
1195 2744 1321 2798 toga,
1349 2733 1431 2782 hic
1461 2733 1647 2797 primus
1679 2734 1906 2782 iuventae

305 2879 326 2916 7
358 2866 480 2905 turba
498 2865 534 2906 I.
556 2865 604 2905 F.
631 2864 859 2904 Gronovius
1125 2863 1151 2901 8
1180 2869 1320 2902 tamen
1339 2861 1428 2901 AB
1683 2875 1731 2901 21
1765 2875 1906 2913 poena

247 2920 483 2960 Acidalius:
532 2932 765 2970 poenarum
803 2917 910 2958 codd.
1090 2930 1142 2967 23
1171 2917 1402 2957 uindicauit
1435 2916 1539 2956 ΑΒι
1729 2930 1783 2968 29
1812 2929 1904 2956 cum

249 2973 413 3012 ΑΒὌ2
576 2986 630 3023 3ο
659 2972 923 3023 propinquus
944 2970 980 3011 C
