2138 3470
742 172 1087 225 CORNELII
1124 176 1366 225 TACITI

175 333 198 373 3
221 316 359 379 quod
398 315 586 379 inpune
627 324 713 366 est.
787 315 948 365 liberti
983 332 1085 365 non
1122 317 1334 366 multum
1371 334 1518 381 supra
1552 334 1717 369 servos
1753 326 1883 378 sunt,

221 413 329 446 raro
369 396 575 461 aliquod
616 406 928 447 momentum
968 397 1019 446 in
1059 399 1228 459 domo,
1267 415 1541 463 numquam
1579 399 1632 448 in
1670 398 1882 460 civitate,

221 478 438 542 exceptis
462 480 718 528 dumtaxat
741 478 800 528 iis
824 478 1053 543 gentibus
1071 489 1212 543 quae
1234 490 1509 543 regnantur.
1583 480 1654 531 ibi
1677 480 1812 531 enim
1835 490 1885 530 et

221 576 367 623 super
402 559 644 623 ingenuos
679 569 729 609 et
764 577 911 623 super
945 559 1126 610 nobilis
1167 562 1472 611 ascendunt:
1524 563 1660 625 apud
1695 571 1890 611 ceteros*

222 631 422 704 inpares⁴
442 639 657 690 libertini
680 636 917 690 libertatis
941 649 1287 704 argumentum
1311 649 1438 691 sunt.
1638 684 1650 692 .
1907 666 1931 707 5

130 730 200 778 26
292 723 486 770 Faenus
524 721 706 784 agitare
738 730 787 771 et
818 721 870 770 in
894 738 1065 771 usuras
1086 721 1354 771 'extendere
1377 721 1635 786 ignotum3
1667 722 1884 787 ideoque

222 801 378 864 magis
397 811 613 851 servatur
631 817 782 865 quam
801 802 842 851 si
859 802 1066 851 vetitum
1091 811 1232 852 esset.
1282 802 1384 866 agri
1401 819 1491 866 pro
1509 820 1718 853 numero
1732 805 1884 853 ’culto-

220 899 330 931 rum
353 882 419 931 ab
442 881 681 932 universis
705 882 825 932 vicis
850 892 1169 946 occupantur,
1197 899 1323 946 quos
1348 901 1464 933 mox
1487 883 1614 933 inter
1636 900 1690 935 se
1715 896 1889 941 secun-J

219 964 341 1011 dum
356 962 694 1026 dignationem
710 963 986 1027 partiuntur
1001 982 1015 1026 3
1038 963 1321 1014 facilitatem
1335 964 1580 1028 partiendi
1594 975 1886 1028 camporum

174 1066 194 1094 2
219 1043 376 1107 spatia
409 1053 671 1108 praestant.
743 1061 858 1093 arva
892 1061 980 1108 per
1011 1062 1169 1095 annos
1202 1054 1409 1105 mutant,
1436 1054 1484 1094 et
1508 1054 1730 1108 superest
1751 1059 1878 1109 ager.
1907 1067 1959 1102 10

218 1141 313 1173 nec
350 1123 485 1174 enim
527 1142 643 1174 cum
680 1124 904 1175 ubertate
951 1135 1000 1174 et
1046 1125 1374 1189 amplitudine
1415 1125 1508 1176 soli
1553 1126 1722 1176 labore
1767 1140 1884 1175 con-

217 1199 443 1266 tendunt,
471 1214 526 1255 ut
560 1202 795 1270 pomaria'
817 1215 1078 1256 conserant
1113 1215 1161 1256 et
1195 1215 1334 1270 prata
1368 1215 1594 1270 separent
1629 1215 1678 1256 et
1712 1208 1882 1256 hortos

171 1301 195 1341 3
218 1286 404 1350 rigent:
440 1289 546 1336 sola
579 1296 735 1337 terrae
771 1304 909 1352 seges
941 1287 1219 1352 imperatur.
1292 1290 1427 1338 unde
1461 1304 1650 1338 annum
1680 1299 1882 1352 quoque

217 1367 381 1431 ipsum
417 1384 520 1418 non
555 1367 608 1417 in
643 1369 853 1419 totidem
895 1369 1123 1433 digerunt
1161 1368 1379 1433 species:
1430 1369 1589 1418 hiems
1625 1377 1674 1418 et
1714 1385 1798 1418 ver
1832 1378 1881 1419 et

215 1458 375 1498 aestas
414 1449 720 1499 intellectum
767 1467 826 1499 ac
873 1450 1116 1500 vocabula
1161 1450 1363 1511 habent,
1403 1448 1629 1499 autumni
1674 1449 1881 1546 perinde
1906 1472 1954 1516 1⁵

217 1547 403 1580 nomen
426 1547 486 1579 ac
510 1531 645 1580 bona
668 1530 967 1594 ignorantur.

127 1616 191 1666 27
285 1613 535 1660 Funerum
568 1613 704 1660 nulla
734 1611 971 1662 ambitio.
1007 1611 1060 1663 id
1093 1614 1254 1662 solum
1279 1612 1567 1661 observatur
1588 1620 1643 1660 ut
1675 1623 1882 1675 corpora-

170 1709 190 1736 2
216 1693 459 1747 clarorum
483 1692 699 1742 virorum
732 1693 875 1743 certis
908 1694 1051 1757 lignis
1077 1702 1368 1744 crementur.
1442 1702 1627 1742 struem
1650 1691 1755 1756 rogi
1785 1709 1880 1743 nec

214 1772 433 1822 vestibus
475 1790 569 1822 nec
607 1773 845 1824 odoribus
883 1777 1166 1823 cumulant:
1221 1791 1310 1823 sua
1347 1772 1527 1836 cuique
1567 1782 1716 1834 arma,
1759 1790 1880 1837 quo-

214 1855 425 1903 rundam
461 1854 562 1917 igni
598 1863 648 1903 et
683 1870 840 1918 equus
876 1855 1096 1905 adicitur.
1170 1857 1451 1918 sepulcrum
1483 1871 1685 1917 caespes
1709 1853 1877 1918 erigit:
1903 1874 1955 1903 20

214 1944 652 1984 monumentorum
688 1938 898 1985 arduum
935 1945 984 1985 et
1020 1952 1284 1999 operosum
1319 1937 1560 1984 honorem
1591 1943 1647 1983 ut
1680 1950 1878 1997 gravem

212 2015 461 2065 defunctis
496 2025 832 2079 aspernantur.
906 2018 1123 2065 lamenta
1152 2033 1212 2065 ac
1244 2015 1468 2064 lacrimas
1501 2015 1615 2075 cito,
1652 2016 1877 2069 dolorem

212 2105 262 2145 et
303 2096 547 2145 tristitiam
586 2099 724 2147 tarde
761 2105 967 2159 ponunt.
1041 2096 1235 2146 feminis
1274 2097 1439 2159 lugere
1480 2096 1745 2144 honestum
1786 2105 1874 2156 est,

212 2177 324 2226 viris
351 2177 648 2227 meminisse.
1614 2227 1616 2229 .

165 2268 189 2309 3
281 2260 426 2307 Haec
463 2257 515 2306 in
555 2275 822 2307 commune
859 2260 924 2308 de
962 2258 1187 2308 omnium
1220 2260 1582 2307 Germanorum
1607 2256 1793 2320 origine
1816 2274 1875 2307 ac
1902 2280 1950 2321 25

212 2338 432 2387 moribus
479 2339 792 2402 accepimus:
854 2356 988 2388 nunc
1040 2340 1340 2403 singularum
1386 2337 1608 2401 gentium
1654 2337 1876 2387 instituta

211 2419 444 2482 ritusque,
473 2429 717 2482 quatenus
755 2420 997 2479 differant,
1029 2436 1157 2482 quae
1194 2419 1422 2469 nationes
1458 2435 1486 2467 e
1523 2417 1789 2468 Germania
1823 2417 1874 2467 in

211 2500 396 2548 Gallias
422 2500 863 2563 commigraverint,
891 2500 1163 2563 expediam.

268 2639 284 2664 1
319 2627 459 2666 liberti
482 2658 490 2668 .
516 2658 525 2668 .
547 2657 557 2668 .
582 2635 881 2677 argumentum
905 2634 1017 2677 sunt,
1041 2629 1083 2667 in
1102 2628 1192 2668 AB
1215 2628 1280 2667 hic
1299 2628 1466 2678 omissa,
1488 2628 1632 2678 infine
1657 2628 1796 2679 capitis
1820 2628 1875 2667 26

208 2681 473 2720 inseruntur.-
512 2682 651 2721 eadem
689 2683 807 2722 verba
849 2683 1029 2744 (omr'ssrs
1059 2689 1137 2733 per
1170 2682 1371 2720 incuriam
1404 2687 1447 2720 et
1476 2694 1607 2731 super
1639 2682 1870 2732 ingenuos)

208 2733 264 2771 Β·’
292 2734 356 2773 hic
380 2735 502 2773 etiam
533 2750 574 2774 m
601 2737 786 2797 jnsenbre
814 2737 999 2786 margine
1026 2736 1151 2785 habet,
1182 2748 1275 2775 cum
1305 2734 1564 2774 adnotatione
1592 2735 1634 2774 in
1665 2736 1746 2774 hoc
1774 2735 1872 2774 loco

209 2788 351 2837 potius
517 2790 543 2827 8
571 2790 673 2828 vicis
701 2789 847 2838 Waitz‚
880 2802 974 2828 cum
1003 2789 1125 2828 codice
1149 2791 1215 2835 (ut
1242 2788 1433 2850 traditur)
1463 2788 1768 2839 Bambergensi,
1801 2788 1880 2839 qui

210 2855 322 2880 nunc
338 2842 436 2881 latet
452 2843 515 2882 vel
533 2842 756 2893 deperditus
774 2848 856 2881 est:
886 2843 1003 2881 uices
1028 2842 1193 2882 CDMS
1199 2841 1258 2881 V
1290 2842 1332 2881 in
1354 2842 1471 2881 uices
1491 2841 1564 2880 A:
1599 2842 1782 2881 inuicem
1802 2841 1872 2881 B:

208 2895 326 2934 vices
345 2896 430 2937 secl.
452 2895 588 2934 Halm
759 2909 809 2936 10
839 2896 1042 2946 praebent
1060 2894 1253 2935 A²BCH
1409 2906 1453 2935 11
1486 2887 1679 2935 laborare
1698 2894 1874 2936 A²B*C²

213 2960 262 2987 12
292 2955 337 2987 ut
357 2949 505 2987 hortos
524 2947 715 2989 AB¹CH
879 2962 926 2999 17
956 2950 1185 2989 observant
1204 2948 1247 2987 Β
1410 2955 1462 2999 27
1491 2961 1686 2999 quaeque
1705 2948 1843 2991 Halm
1861 2962 1871 2989 ε

207 3015 319 3050 quae
344 3033 353 3043 .
373 3031 385 3043 .
410 3032 420 3043 .
442 3003 811 3053 commigraverint
830 3003 914 3043 secl.
939 3002 1220 3054 Retfferscheid
