2138 3470
645 158 1003 209 DIALOGUS
1042 160 1136 207 DE
1175 159 1632 211 ORATORIBUS

322 300 431 362 plus
454 297 657 347 notitiae
683 313 741 346 ac
766 297 979 346 nominis
1003 299 1137 360 apud
1161 298 1360 361 plebem
1383 300 1598 361 parabat.
1671 300 1721 348 hi
1746 301 1981 350 clientelis
2004 319 2026 358 5

322 378 469 428 etiam
509 386 780 426 exterarum
821 377 1078 426 nationum
1119 377 1476 438 redundabant,
1516 380 1607 428 hos
1644 379 1756 428 ituri
1790 381 1841 429 in
1876 397 1983 444 pro-

321 458 505 508 vincias
540 458 846 521 magistratus
883 459 1240 519 reverebantur,
1275 460 1367 508 hos
1403 460 1580 509 reversi
1614 461 1855 521 colebant,
1891 463 1981 510 hos

322 547 371 588 et
410 547 663 602 praeturae
703 547 753 588 et
792 541 1075 589 consulatus
1113 556 1290 589 vocare
1330 541 1458 589 ultro
1492 541 1795 601 videbantur,
1832 541 1884 590 hi
1918 559 1982 591 ne

275 640 297 678 5
321 618 494 683 privati
534 619 736 682 quidem
783 618 888 668 sine
934 627 1177 682 potestate
1224 629 1372 680 erant,
1412 637 1527 669 cum
1569 629 1618 670 et
1653 623 1893 684 populum
1934 631 1983 671 et

321 709 548 749 senatum
583 700 790 749 consilio
825 709 875 749 et
909 700 1198 750 auctoritate
1236 710 1468 764 regerent.
1541 701 1662 765 quin
1699 702 1852 751 immo
1890 702 1983 752 sibi
2005 714 2030 754 6

321 780 414 843 ipsi
436 790 775 844 persuaserant
796 781 1056 837 neminem*
1073 781 1179 830 sine
1203 782 1484 845 eloquentia
1506 791 1592 831 aut
1614 783 1820 846 adsequi
1836 799 1983 846 posse

321 860 373 910 in
396 860 590 910 civitate
619 870 705 910 aut
728 861 852 910 tueri
875 861 1199 924 conspicuum
1232 861 1608 935 egeminentem
1640 864 1817 911 locum.
1891 880 1983 912 nee
2007 880 2029 923 7

321 941 512 1002 mirum,
547 958 662 991 curn
704 942 851 991 etiam
886 942 1025 991 inviti
1059 943 1124 992 ad
1159 944 1400 1006 populum
1436 944 1832 1006 producerentur,
1868 960 1983 992 cum

251 1041 301 1071 10
321 1038 494 1085 parum
525 1031 654 1071 esset
685 1021 736 1070 in
768 1022 1186 1071 senatu'breviter
1221 1039 1433 1082 censere,
1465 1022 1559 1071 nisi
1590 1022 1675 1086 qui
1706 1022 1903 1085 ingenio
1934 1031 1984 1072 et

321 1101 601 1165 eloquentia
635 1102 929 1151 sententiam
961 1119 1101 1150 suam
1134 1111 1359 1161 tueretur,
1393 1118 1507 1150 cum
1539 1102 1590 1150 in
1622 1102 1836 1165 aliquam
1867 1102 1985 1150 invi-

320 1181 454 1231 diam
487 1190 573 1231 aut
602 1182 789 1231 crimen
823 1181 984 1231 vocati
1020 1198 1108 1230 sua
1139 1198 1262 1230 voce
1297 1183 1698 1244 respondendum
1731 1182 1980 1241 haberent,

320 1278 436 1311 cum
459 1262 740 1311 testimonia
763 1279 963 1325 quoque
987 1261 1038 1310 in
1062 1261 1272 1324 publicis
1297 1262 1484 1310 iudicia&
1506 1278 1609 1310 non
1631 1262 1859 1310 absentes
1891 1278 1983 1310 nec

320 1360 408 1407 per
430 1343 661 1392 tabellam
693 1344 822 1403 dare,
851 1344 939 1391 sed
971 1359 1138 1391 coram
1173 1351 1223 1391 et
1253 1351 1532 1404 praesentes
1564 1341 1727 1391 dicere
1759 1359 1985 1405 cogeren-

252 1445 299 1487 15
322 1431 412 1472 tur.
478 1422 545 1472 ita
567 1424 632 1472 ad
657 1439 850 1471 summa
874 1421 1186 1485 eloquentiae
1209 1421 1425 1485 praemia
1448 1438 1625 1484 magna
1649 1421 1796 1470 etiam
1820 1438 1985 1471 neces·
2006 1430 2029 1468 8

323 1503 438 1552 sitas
466 1503 747 1563 accedebat,
776 1511 824 1551 et
856 1519 957 1566 quo
989 1503 1142 1551 modo
1175 1502 1409 1551 disertum
1443 1501 1612 1550 haberi
1643 1503 1903 1564 pulchrum
1935 1512 1984 1552 et

322 1584 600 1647 gloriosum,
642 1583 711 1633 sic
753 1592 923 1633 contra
963 1592 1157 1633 mutum
1198 1592 1247 1632 et
1287 1582 1533 1646 elinguem
1569 1582 1722 1632 videri
1761 1584 1984 1635 deforme

323 1664 606 1713 habebatur.

391 1746 522 1807 Ergo
553 1760 656 1793 non
684 1743 847 1793 minus
871 1743 1049 1793 rubore
1073 1759 1223 1807 quam
1247 1743 1474 1807 praemiis
1506 1742 1893 1804 stimulabantur,
1920 1761 1984 1793 ne
2007 1752 2070 1802 37

252 1850 302 1878 20
323 1825 666 1876 clientulorum
706 1826 819 1874 loco
853 1824 1017 1887 potius
1054 1840 1203 1888 quam
1241 1832 1558 1888 patronorum
1599 1834 1980 1885 numerarentur,

323 1923 386 1955 ne
410 1905 614 1955 traditae
637 1922 667 1955 a
690 1905 956 1955 maioribus
980 1904 1367 1954 necessitudines
1391 1905 1455 1953 ad
1479 1903 1599 1953 alios
1624 1904 1893 1965 transirent,
1921 1923 1986 1955 ne

323 1996 577 2050 tamquam
601 1986 778 2036 inertes
811 1995 859 2035 et
883 2003 985 2035 non
1015 1985 1262 2035 suffecturi
1290 1984 1561 2034 honoribus
1592 1994 1677 2034 aut
1704 2001 1807 2034 non
1835 1986 1985 2049 impe-

323 2076 505 2118 trarent
534 2076 620 2116 aut
649 2067 934 2131 impetratos
969 2068 1098 2115 male
1133 2074 1394 2115 tuerentur.
1467 2065 1634 2114 nescio
1669 2082 1732 2114 an
1764 2066 1985 2115 venerint
2011 2086 2028 2113 2

325 2141 376 2197 in
395 2164 569 2197 manus
587 2156 769 2196 vestras
793 2148 916 2196 haec
934 2155 1109 2206 vetera,
1129 2162 1256 2208 quae
1274 2154 1323 2193 et
1341 2145 1392 2192 in
1410 2144 1793 2208 antiquariorum
1813 2146 1985 2195 biblio-

252 2246 301 2287 25
325 2228 480 2278 thecis
520 2229 685 2277 adhuc
721 2236 924 2276 manent
965 2235 1013 2276 et
1050 2243 1164 2275 cum
1206 2225 1417 2274 maxime
1454 2242 1483 2274 a
1521 2225 1758 2274 Muciano
1799 2236 1986 2275 contra-

325 2311 520 2368 huntur,
547 2324 606 2357 ac
634 2307 732 2356 iam
760 2306 1007 2366 undecim,
1035 2315 1090 2355 ut
1114 2305 1300 2368 opinor,
1330 2307 1568 2353 Actorum
1594 2305 1726 2354 libris
1760 2314 1808 2354 et
1832 2306 1984 2355 tribus

328 2389 660 2453 Epistularum
684 2387 959 2451 composita
982 2395 1031 2436 et
1055 2386 1186 2435 edita
1210 2395 1336 2434 sunt.
1400 2403 1459 2434 ex
1487 2385 1562 2434 his
1592 2386 1805 2448 intellegi
1824 2395 1986 2449 potest
2010 2406 2032 2445 3

327 2470 418 2519 Cn.
447 2468 740 2532 Pompeium
773 2476 821 2516 et
853 2469 924 2516 M.
954 2468 1185 2517 Crassum
1217 2482 1319 2514 non
1350 2465 1532 2514 viribus
1565 2467 1717 2514 modo
1747 2475 1794 2514 et
1822 2466 1980 2526 armis,

327 2550 415 2598 sed
439 2548 636 2612 ingenio
660 2564 860 2611 quoque
884 2556 932 2596 et
956 2547 1176 2596 oratione
1199 2546 1407 2595 valuisse
1424 2565 1437 2607 3
1474 2548 1710 2595 Lentulos
1740 2555 1788 2595 et
1813 2548 1985 2594 Metel-

253 2647 305 2688 30
327 2630 400 2678 los
436 2638 485 2678 et
521 2630 752 2678 Lucullos
789 2638 838 2677 et
873 2628 1113 2678 Curiones
1152 2636 1200 2676 et
1241 2636 1453 2677 ceteram
1489 2643 1746 2691 procerum
1782 2642 1983 2674 manum

328 2712 537 2759 multum
568 2710 620 2758 in
651 2710 727 2758 his
759 2709 931 2758 studiis
964 2725 1142 2772 operae
1173 2724 1416 2771 curaeque
1440 2707 1674 2771 posuisse,
1702 2723 1794 2756 nec
1819 2723 1985 2769 quern-

387 2837 404 2863 1
437 2825 609 2874 parabat
628 2824 708 2863 13²:
740 2823 944 2874 probabat
964 2827 1045 2862 cett.
1197 2835 1219 2871 7
1249 2822 1328 2871 ipsi
1349 2833 1431 2861 om.
1454 2821 1496 2859 B
1643 2834 1692 2860 10
1721 2821 1816 2869 quis
1838 2820 1951 2871 Lips.
1973 2832 1982 2856 z

327 2878 399 2927 qui
434 2877 541 2918 codd.
725 2890 773 2928 13
804 2876 969 2916 iudiciis
1003 2875 1097 2915 add.
1138 2874 1334 2926 Agricola
1515 2876 1564 2913 16
1592 2875 1802 2924 quomodo
1824 2903 1833 2911 .
1859 2903 1867 2912 .
1892 2903 1900 2912 .
1924 2873 1984 2911 sic

329 2930 569 2970 Acidalius:
601 2933 820 2971 commoda
841 2961 849 2970 .
874 2961 882 2970 .
907 2961 915 2970 .
941 2931 1017 2968 sed
1035 2927 1144 2968 codd.
1314 2941 1365 2966 22
1394 2929 1579 2967 honores
1601 2927 1783 2978 Schopen
1931 2939 1983 2975 24

329 2986 660 3035 antiquariorum
685 2986 903 3036 (-0riorum
927 2983 978 3036 C)
1004 2982 1097 3021 CV:
1130 2982 1394 3033 antiquorum
1418 2986 1496 3020 cett.
