2138 3470
616 174 972 228 DIALOGUS
1010 175 1104 222 DE
1142 174 1599 224 ORATORIBUS

277 315 512 376 monium,
553 331 701 379 quern
738 315 1025 365 Cretensem
1065 314 1382 376 accepimus?
1439 330 1646 377 quarum
1685 315 1934 363 civitatum

275 395 578 446 severissima
613 395 870 458 disciplina
910 404 959 445 et
992 394 1325 444 severissimae
1361 397 1492 458 leges
1533 396 1800 444 traduntur.
1873 413 1936 443 ne

278 477 615 526 Macedonum
657 475 858 539 quidem
898 492 957 524 ac
999 477 1255 524 Persarum
1295 483 1380 523 aut
1419 474 1564 523 ullius
1598 474 1769 538 gentis,
1810 491 1936 537 quae

275 566 409 607 certo
433 556 637 620 imperio
662 565 894 605 contenta
917 555 1072 615 fuerit,
1095 555 1427 618 eloquentiam
1451 554 1691 603 novimus.
1749 554 1937 603 Rhodii

229 654 250 692 5
276 637 490 701 quidam,
518 636 714 700 plurimi
738 637 1065 686 Athenienses
1098 645 1311 685 oratores
1345 636 1616 695 extiterunt,
1644 637 1779 698 apud
1811 651 1936 698 quos

274 717 441 765 omnia
464 719 688 780 populus,
717 716 884 766 omnia
907 716 1129 779 imperiti,
1152 715 1330 775 omnia,
1352 725 1407 764 ut
1430 715 1499 764 sic
1524 715 1741 775 dixerim,
1763 731 1936 764 omnes

274 806 511 860 poterant.
585 806 750 846 nostra
790 813 990 860 quoque
1030 796 1211 856 civitas,
1253 798 1413 846 donec
1455 796 1639 856 erravit,
1681 798 1843 845 donec
1884 813 1938 845 se
1960 819 1986 858 4

274 876 492 940 partibus
518 886 566 926 et
590 877 977 926 dissensionibus
1006 886 1055 926 et
1078 876 1334 926 discordiis
1366 877 1590 936 confecit,
1613 878 1775 925 donec
1803 878 1937 926 nulla

275 957 366 1006 fuit
396 956 447 1006 in
476 959 582 1006 foro
606 975 712 1020 pax,
741 960 874 1007 nulla
906 957 957 1006 in
989 967 1161 1007 senatu
1194 957 1471 1017 concordia,
1499 959 1633 1005 nulla
1663 957 1715 1005 in
1743 956 1936 1005 iudiciis

205 1055 255 1085 10
276 1037 560 1098 moderatio,
589 1040 722 1087 nulla
746 1035 1050 1101 superiorum
1074 1037 1353 1097 reverentia,
1381 1039 1543 1086 nullus
1568 1036 1936 1101 magistratuum

275 1119 466 1178 modUS,
494 1119 603 1167 tulit
627 1118 732 1168 sine
755 1119 910 1168 dubio
934 1118 1251 1168 valentiorem
1276 1118 1622 1181 eloquentiam,
1649 1117 1776 1166 sicut
1799 1117 1938 1166 indo-

274 1197 421 1247 mitus
444 1215 558 1263 ager
579 1200 730 1248 habet
748 1201 988 1263 quasdam
1012 1200 1188 1248 herbas
1211 1198 1448 1248 laetiores.
1499 1200 1587 1248 sed
1611 1215 1704 1247 nec
1722 1198 1845 1247 tanti
1869 1198 1936 1248 rei

273 1278 501 1341 publicae
537 1282 872 1329 Gracchorum
906 1280 1186 1344 eloquentia
1217 1280 1319 1340 fuit,
1347 1288 1401 1328 ut
1432 1288 1677 1342 pateretur
1708 1289 1758 1329 et
1788 1281 1932 1343 leges,

274 1375 368 1408 nec
391 1360 521 1410 bene
543 1362 726 1409 famam
750 1361 1060 1425 eloquentiae
1084 1361 1260 1411 Cicero
1284 1360 1367 1409 tali
1392 1360 1522 1409 exitu
1546 1360 1782 1423 pensavit.

202 1459 250 1500 15
343 1439 423 1488 Sic
470 1456 669 1503 quoque
715 1442 852 1504 quod
899 1449 1119 1503 superest
1165 1439 1409 1504 †antiquis
1455 1440 1728 1489 oratoribus
1776 1441 1935 1489 forum
1958 1451 2016 1499 41

275 1537 377 1569 non
418 1523 710 1570 emendatae
749 1538 842 1571 nec
879 1539 1036 1585 usque
1075 1522 1141 1570 ad
1174 1530 1346 1571 votum
1386 1520 1690 1584 compositae
1730 1520 1936 1570 civitatis

273 1610 615 1664 argumentum
639 1610 725 1650 est.
781 1601 890 1665 quis
914 1601 1047 1651 enim
1070 1617 1162 1650 nos
1185 1603 1396 1650 advocat
1418 1600 1512 1649 nisi
1535 1610 1620 1650 aut
1643 1617 1829 1650 nocens
1852 1610 1937 1650 aut
1963 1619 1981 1645 2

274 1681 456 1731 miser?
501 1682 638 1745 quod
673 1682 996 1745 municipium
1027 1681 1079 1730 in
1110 1682 1389 1731 clientelam
1423 1690 1642 1731 nostram
1669 1681 1815 1742 venit,
1844 1681 1936 1730 nisi

274 1763 411 1826 quod
446 1770 532 1811 aut
563 1761 752 1811 vicinus
787 1764 999 1825 populus
1038 1771 1125 1811 aut
1158 1761 1430 1812 domestica
1466 1761 1713 1811 discordia
1752 1761 1937 1825 agitat?

199 1864 253 1893 20
274 1860 424 1907 quam
447 1842 750 1906 provinciam
778 1851 972 1892 tuemur
1002 1842 1096 1891 nisi
1126 1842 1385 1906 spoliatam
1409 1844 1766 1905 vexatamque?
1800 1841 1936 1905 atqui

274 1923 449 1973 melius
472 1923 642 1972 fuisset
665 1940 768 1972 non
791 1923 929 1986 queri
948 1940 1098 1987 quam
1121 1922 1369 1973 vindicari.
1421 1924 1558 1986 quod
1577 1922 1617 1970 si
1641 1921 1936 1971 inveniretur
1961 1935 1983 1973 3

273 2003 438 2067 aliqua
461 2002 641 2063 civitaS,
668 2002 720 2051 in
744 2019 842 2067 qua
870 2020 1019 2052 nemo
1042 2013 1279 2066 peccaret,
1308 2019 1635 2066 supervacuus
1661 2011 1788 2051 esset
1811 2002 1936 2051 inter

274 2083 550 2134 innocentis
591 2092 754 2133 orator
793 2083 919 2133 sicut
964 2084 1090 2133 inter
1135 2100 1280 2133 sanos
1327 2083 1561 2133 medicus.
1635 2100 1735 2146 quo
1783 2085 1933 2132 modo

274 2173 441 2213 tamen
471 2163 733 2212 minimum
764 2180 881 2212 usus
913 2163 1273 2227 minimumque
1304 2166 1550 2226 profectus
1582 2180 1657 2212 ars
1691 2163 1933 2212 medentis

203 2268 251 2309 25
273 2245 424 2293 habet
463 2243 515 2292 in
555 2243 613 2292 iis
647 2243 887 2307 gentibus,
929 2261 1057 2307 quae
1093 2244 1369 2292 firmissima
1402 2243 1682 2292 valetudine
1716 2260 1775 2291 ac
1813 2245 1934 2291 salu-

272 2323 494 2373 berrimis
526 2323 811 2386 corporibus
843 2333 1057 2384 utuntur,
1090 2324 1159 2373 sic
1194 2324 1354 2372 minor
1385 2333 1631 2372 oratorum
1664 2325 1822 2371 honor
1850 2324 1934 2371 ob-

274 2403 555 2466 scuriorque
591 2403 743 2466 gloria
782 2412 857 2452 est
895 2403 1020 2452 inter
1059 2404 1220 2452 bonos
1261 2420 1421 2452 mores
1462 2411 1510 2452 et
1547 2402 1598 2450 in
1639 2402 1932 2465 obsequium

273 2483 482 2547 regentis
505 2493 712 2546 paratos.
779 2483 900 2546 quid
929 2483 1061 2532 enim
1089 2500 1213 2546 opus
1249 2492 1323 2532 est
1353 2483 1509 2546 longis
1542 2482 1593 2530 in
1625 2492 1796 2531 senatu
1828 2499 1934 2532 sen·
1954 2496 1980 2534 4

273 2563 449 2624 tentiis,
471 2580 586 2613 cum
609 2563 784 2627 optimi
802 2564 900 2612 cito
923 2563 1267 2613 consentiant?
1298 2563 1418 2626 quid
1443 2563 1606 2612 multis
1630 2564 1763 2625 apud
1781 2579 1934 2625 popu-

327 2705 352 2731 2
376 2705 431 2731 ne
450 2691 517 2730 D:
553 2705 632 2731 nec
654 2695 734 2731 cett.
906 2705 951 2730 11
977 2692 1147 2744 modus]
1171 2698 1310 2730 metus
1332 2690 1461 2730 Orelli
1572 2692 1683 2730 sicut
1702 2691 1932 2730 indomitus

273 2745 441 2794 Aldus:
471 2746 596 2785 sicuti
618 2745 802 2784 domitus
824 2744 931 2784 codd.
1076 2758 1124 2796 15
1154 2747 1304 2785 horum
1328 2745 1480 2784 CAEV
1492 2759 1501 2784 :
1532 2745 1693 2794 antiqui
1724 2774 1733 2784 .
1765 2774 1775 2784 .
1807 2774 1816 2783 .
1853 2744 1930 2782 fori

274 2799 481 2850 Spengel:
546 2799 707 2848 antiqui
753 2799 988 2838 oratoribus
1032 2801 1182 2839 horum
1226 2805 1464 2849 temporum
1506 2798 1715 2837 Baehrens
1883 2799 1932 2836 16

274 2854 524 2892 emendatae
558 2853 697 2903 Lupa:
733 2853 962 2892 emendare
995 2853 1101 2892 codd.
1302 2865 1349 2902 17
1379 2853 1480 2902 quid
1514 2853 1627 2891 enim
1661 2852 1772 2900 (quis
1800 2851 1925 2898 enim,

273 2908 368 2956 quis
388 2907 499 2944 enim
518 2907 707 2957 quidem)
729 2907 841 2955 quod
863 2919 989 2944 nemo
1008 2906 1050 2944 A
1058 2907 1140 2945 BD
1252 2909 1301 2946 18
1328 2905 1565 2945 clientelam
1586 2904 1801 2943 Pithoeus:
1833 2905 1928 2943 civi-

219 3006 223 3010 ,
274 2966 404 2999 tatem
426 2959 533 2998 codd.
680 2972 730 3007 24
762 2959 921 3011 tamen]
945 2960 1044 2999 inde
1063 2962 1174 3000 AB:
1207 2962 1318 2999 enim
1338 2960 1570 2998 Heumann
1711 2960 1765 2997 26
1793 2959 1930 2997 honor

277 3013 426 3052 Orelli:
456 3013 606 3052 horum
628 3012 735 3052 codd.
