2138 3470
651 157 1008 206 DIALOGUS
1048 157 1141 204 DE
1180 157 1636 205 ORATORIBUS

310 295 652 359 aemuli'ferro,
672 315 774 347 non
792 297 995 347 rudibus
1014 297 1319 357 dimicanteS,
1341 313 1432 345 nec
1457 296 1755 345 auditorium
1781 313 1973 359 semper

310 380 526 443 plenum,
546 395 739 441 semper
762 395 959 439 novum,
979 395 1039 428 ex
1062 377 1240 427 invidis
1266 387 1314 427 et
1338 378 1628 437 faventibuS,
1648 386 1702 426 ut
1726 394 1818 426 nec
1843 378 1972 426 bene

310 475 392 508 nec
420 461 543 508 male
570 459 703 508 dicta
737 458 1170 509 dissimularentur.
1244 458 1377 508 scitis
1409 458 1542 508 enim
1575 475 1806 522 magnam
1840 458 1972 506 illam

309 547 360 589 et
381 539 664 588 duraturam
688 539 999 603 eloquentiae
1031 541 1213 588 famam
1238 556 1340 588 non
1372 539 1536 588 minus
1561 538 1612 587 in
1637 538 1838 587 diversis
1864 540 1974 587 sub-

263 633 286 674 5
309 619 457 670 selliis
476 620 633 683 parari
649 628 805 684 quam
818 620 916 669 suis
934 638 948 681 3
982 619 1101 670 inde
1120 620 1240 684 quin
1265 620 1418 669 immo
1438 619 1742 669 constantius
1762 636 1968 683 surgere,

308 699 378 749 ibi
402 700 594 749 fidelius
619 700 933 749 corroborari.
1005 709 1155 763 atque
1190 702 1388 749 hercule
1412 701 1505 749 sub
1530 700 1635 749 eius
1670 699 1809 749 modi
1839 717 1974 763 prae·
1996 714 2020 752 6

309 781 589 844 ceptoribus
606 780 793 830 iuvenis
818 780 911 841 ille,
932 782 996 830 de
1016 798 1116 844 quo
1135 781 1395 844 loquimur,
1415 790 1663 830 oratorum
1682 781 1967 844 discipulus,

308 862 400 910 fori
445 862 652 922 auditor,
694 870 905 910 sectator
951 861 1258 922 iudiciorum,
1302 862 1520 911 eruditus
1562 871 1612 911 et
1656 863 1971 911 adsuefactus

307 941 479 990 alienis
517 941 874 1005 experimentis,
911 942 991 991 cui
1028 942 1210 991 cotidie
1245 942 1466 991 audienti
1500 951 1649 991 notae
1685 945 1828 1006 legeS‚
1868 959 1971 991 non

238 1033 288 1061 10
309 1022 424 1070 novi
456 1022 675 1071 iudicum
700 1025 874 1082 vultus,
904 1025 1133 1086 frequens
1168 1022 1219 1071 in
1252 1023 1408 1072 oculis
1444 1025 1754 1072 consuetudo
1786 1023 1972 1072 contio-

307 1118 441 1162 num,
469 1118 616 1164 saepe
648 1103 873 1166 cognitae
903 1103 1076 1165 populi
1107 1119 1261 1162 aureS,
1290 1103 1391 1151 sive
1422 1103 1788 1152 accusationem
1813 1120 1972 1152 susce-

306 1191 444 1245 perat
489 1182 595 1231 sive
631 1182 985 1243 defensionem,
1028 1185 1161 1232 solus
1203 1183 1367 1233 statim
1410 1192 1459 1231 et
1500 1200 1627 1232 unus
1674 1184 1971 1247 cuicumque

306 1279 483 1312 causae
524 1279 611 1326 par
651 1272 764 1312 erat.
838 1280 974 1313 nono
1021 1263 1219 1314 decimo
1265 1263 1438 1314 aetatis
1485 1281 1618 1313 anno
1666 1266 1721 1313 L.
1765 1266 2016 1316 Crassus7

308 1344 364 1393 C.
393 1344 688 1404 Carbonem,
725 1343 1114 1393 unoetvicesimo
1152 1346 1334 1395 Caesar
1367 1345 1694 1404 Dolabellam,
1732 1347 1886 1394 altero
1923 1354 1972 1394 et

236 1435 284 1476 15
307 1421 540 1471 vicesimo
578 1423 778 1472 Asinius
818 1424 976 1473 Pollio
1015 1426 1071 1474 C.
1112 1425 1369 1483 Catonem,
1411 1441 1513 1473 non
1560 1427 1771 1473 multum
1811 1434 1971 1474 aetate

305 1504 605 1552 antecedens
642 1504 823 1554 Calvus
855 1503 1109 1552 Vatinium
1151 1503 1209 1552 iis
1246 1503 1551 1571 orationibus
1591 1503 1802 1553 insecuti
1840 1514 1966 1565 sunt,

306 1599 429 1646 quas
454 1583 704 1647 hodieque
728 1601 843 1633 cum
866 1584 1192 1633 admiratione
1216 1584 1435 1648 legimus.

373 1665 441 1712 At
471 1680 605 1712 nunc
639 1664 996 1714 adulescentuli
1025 1664 1178 1714 nostri
1206 1666 1519 1714 deducuntur
1549 1664 1601 1713 in
1634 1667 1827 1714 scholas
1860 1666 1972 1715 isto-
1994 1670 2059 1720 35

305 1760 426 1804 rum,
477 1744 562 1807 qui
611 1746 829 1793 rhetores
875 1754 1125 1805 vocantur,
1177 1762 1301 1809 quos
1354 1747 1502 1808 paulo
1554 1755 1669 1794 ante
1717 1745 1969 1796 Ciceronis

236 1840 284 1867 20
305 1834 527 1889 tempora
572 1825 786 1874 extitisse
835 1841 928 1874 nec
974 1825 1217 1888 placuisse
1266 1825 1532 1875 maioribus
1579 1825 1756 1875 nostris
1803 1844 1863 1875 ex
1909 1843 1969 1875 eo

305 1907 619 1955 manifestum
653 1915 738 1967 est,
771 1907 908 1970 quod
938 1923 969 1955 a
997 1908 1176 1956 Crasso
1205 1915 1254 1956 et
1279 1907 1503 1955 Domitio
1532 1907 1818 1956 censoribus
1843 1909 1970 1956 clau-

304 1987 433 2046 dere,
467 1995 522 2035 ut
548 1986 617 2035 ait
654 1986 842 2047 Cicero,
874 1987 1091 2036 “ludum
1126 1986 1496 2050 impudentiae''
1534 1986 1651 2036 iussi
1682 1995 1808 2035 sunt.
1881 1988 1969 2035 sed
1995 2004 2014 2032 2

305 2077 361 2117 ut
392 2067 554 2117 dicere
589 2067 905 2128 institueram,
933 2068 1247 2117 deducuntur
1269 2067 1321 2116 in
1345 2069 1550 2127 scholas,
1580 2069 1631 2116 in
1656 2067 1835 2130 quibus
1867 2084 1969 2116 non

306 2147 448 2196 facile
476 2147 680 2196 dixerim
708 2156 938 2197 utrumne
967 2150 1106 2197 locus
1138 2148 1243 2210 ipse
1277 2165 1342 2196 an
1376 2147 1702 2210 condiscipuli
1728 2164 1792 2195 an
1815 2163 1969 2209 genus

222 2216 286 2284 '25
308 2228 582 2277 studiorum
617 2230 727 2292 plus
765 2229 881 2277 mali
916 2228 1122 2292 ingeniis
1156 2229 1391 2277 adferant.
1464 2244 1580 2276 nam
1615 2227 1665 2275 in
1701 2229 1812 2276 loco
1848 2227 1968 2275 nihil
1994 2237 2017 2275 3

307 2308 604 2357 reverentiae
636 2318 720 2368 est,
749 2308 800 2356 in
833 2325 982 2372 quem
1014 2325 1163 2357 nemo
1197 2307 1291 2356 nisi
1321 2323 1479 2370 aeque
1511 2306 1762 2369 imperitus
1794 2306 1939 2355 intret
1954 2325 1968 2367 3

307 2387 357 2435 in
393 2388 741 2451 condiscipulis
776 2389 899 2437 nihil
934 2390 1193 2451 profectus,
1225 2404 1340 2437 cum
1375 2386 1514 2450 pueri
1548 2386 1673 2435 inter
1706 2402 1884 2449 pueros
1920 2395 1968 2435 et

305 2469 661 2517 adulescentuli
697 2469 822 2517 inter
855 2470 1250 2518 adulescentulos
1286 2467 1389 2530 pari
1425 2466 1682 2515 securitate
1717 2475 1766 2514 et
1800 2466 1968 2514 dicant

307 2556 357 2597 et
378 2548 668 2610 audiantur3
704 2548 839 2612 ipsae
862 2566 978 2598 vero
1010 2548 1376 2598 exercitationes
1407 2563 1584 2610 magna
1612 2563 1671 2595 ex
1693 2555 1830 2609 parte
1853 2563 1967 2595 con-

367 2681 386 2708 1
407 2671 579 2709 rudibus
599 2670 648 2709 P.
672 2670 825 2709 Faber:
856 2671 1027 2710 sudibus
1049 2670 1156 2710 codd.
1261 2683 1340 2710 nec
1360 2670 1508 2721 Schek,
1533 2670 1698 2709 Haase:
1735 2669 1812 2708 sed
1826 2667 1934 2707 codd.
1954 2681 1963 2706 :

308 2724 369 2762 sic
389 2723 596 2763 Michaelis
729 2736 755 2773 3
785 2737 863 2763 nec
885 2725 992 2763 male
1012 2725 1076 2763 hic
1092 2724 1186 2764 add.
1208 2723 1410 2775 Pithoeus,
1428 2729 1523 2775 post
1542 2730 1587 2763 ut
1607 2722 1806 2774 Agricola
1939 2734 1964 2772 5

310 2776 353 2814 in
373 2777 463 2816 suis
480 2777 596 2817 And.
743 2790 793 2827 13
823 2790 938 2817 nono
959 2778 1144 2830 decimo]
1167 2791 1251 2817 uno
1272 2784 1314 2817 et
1334 2778 1530 2818 vicesimo
1551 2775 1774 2829 Nipperdey
1915 2788 1963 2824 14

310 2831 664 2883 unoetvicesimo]
693 2833 820 2870 tertio
850 2838 891 2871 et
911 2832 1112 2871 vicesimo
1129 2831 1306 2871 Pichena
1476 2846 1523 2882 17
1554 2832 1659 2882 que]
1690 2843 1857 2881 quoque
1876 2829 1966 2867 AB

315 2884 364 2921 18
393 2884 562 2924 scholas
592 2885 766 2924 istorum
796 2885 971 2936 Haupt:
1011 2886 1104 2924 seni
1136 2885 1258 2937 (sein,
1283 2898 1466 2937 scenam,
1491 2887 1586 2937 ἃς.)
1620 2884 1963 2924 scholasticorum

310 2935 420 2975 codd.
601 2951 649 2976 21
682 2952 707 2978 a
737 2938 969 2979 Michaelis:
1010 2939 1067 2978 M.
1098 2938 1205 2978 codd.
1383 2952 1437 2988 23
1472 2940 1514 2978 in
1545 2939 1638 2977 add.
1672 2937 1977 2988 Schurzflezlsch·

311 3001 363 3039 25
392 2990 554 3030 adferat
578 2990 683 3031 Gud.
851 2994 904 3032 26
934 2999 999 3032 est
1017 2992 1079 3031 vel
1097 2993 1257 3032 scilicet
1276 2993 1516 3032 Acrdalius:
1548 2994 1622 3032 sed
1646 2992 1752 3031 codd.
