2138 3470
793 139 1139 189 CORNELII
1177 141 1421 191 TACITI

223 292 249 332 4
272 276 456 328 trariae.
530 294 710 342 nempe
739 278 872 328 enim
896 279 1000 328 duo
1023 295 1203 342 genera
1226 280 1539 331 materiarum
1562 284 1698 346 apud
1721 284 1939 335 rhetoras

271 367 549 419 tractantur,
600 359 847 408 suasoriae
899 369 950 409 et
995 361 1368 410 controversiae.
1455 380 1515 412 ex
1565 363 1641 413 his
1693 365 1939 416 suasoriae

271 439 475 504 quidem
516 440 607 490 etsi
645 450 899 504 tamquam
939 442 1087 504 plane
1123 442 1329 491 leviores
1369 452 1418 492 et
1452 443 1615 493 minus
1649 446 1939 508 prudentiae

270 520 517 584 exigentes
548 520 711 584 pueris
747 522 1046 584 delegantur,
1074 523 1438 572 controversiae
1470 524 1827 575 robustioribus
1856 527 1941 575 ad-

269 602 531 666 signantur,
577 604 759 665 qualeS‚
804 619 891 665 per
927 603 1094 664 fidem,
1136 612 1186 652 et
1226 620 1378 667 quam
1423 603 1773 655 incredibiliter
1809 622 1941 656 com·
1963 622 1985 664 5

268 683 486 746 positae!
534 682 753 746 sequitur
789 692 968 743 autem,
1002 692 1057 732 ut
1093 684 1328 733 materiae
1361 684 1645 734 abhorrenti
1678 701 1710 735 a
1739 686 1940 736 veritate

223 779 245 819 5
269 764 564 814 declamatio
605 780 805 828 quoque
845 764 1151 814 adhibeatur.
1211 765 1296 814 sic
1336 767 1392 815 fit
1431 775 1487 815 ut
1526 765 1939 830 tyrannicidarum

268 845 485 909 praemia
518 854 604 894 aut
637 845 915 894 vitiatarum
957 845 1225 895 electiones
1260 854 1348 895 aut
1379 846 1689 910 pestilentiae
1721 847 1940 900 remedia

266 936 352 976 aut
376 927 562 976 incesta
586 936 796 976 matrum
828 935 914 976 aut
937 926 1183 991 quidquid
1209 927 1260 976 in
1284 929 1455 977 schola
1486 928 1670 978 cotidie
1691 928 1860 992 agitur,
1888 928 1939 977 in

267 1009 374 1057 foro
398 1009 474 1057 vel
506 1024 613 1056 raro
636 1010 714 1057 vel
746 1025 1032 1071 numquam,
1061 1008 1343 1072 ingentibus
1371 1009 1533 1059 verbis
1555 1018 1937 1073 persequantur:
1965 1025 2014 1055 ιο

269 1094 384 1138 cum
408 1090 473 1138 ad
496 1105 636 1138 veros
661 1089 849 1138 iudices
873 1098 1076 1138 ventum
1102 1128 1112 1139 .
1141 1128 1150 1138 .
1179 1128 1189 1138 .

179 1180 250 1239 36
338 1209 349 1220 .
388 1210 399 1221 .
440 1209 449 1220 .
488 1188 591 1220 rem
638 1171 866 1234 cogitant.
917 1170 1040 1219 nihil
1081 1171 1280 1232 humile,
1319 1171 1442 1220 nihil
1482 1171 1732 1222 abiectum
1773 1170 1938 1235 eloqui

268 1261 472 1316 poterat.
546 1269 723 1316 magna
755 1251 1050 1316 eloquentia,
1083 1252 1211 1302 sicut
1242 1254 1454 1313 flamma,
1483 1252 1686 1303 materia
1715 1252 1859 1302 alitur
1889 1260 1939 1301 et

267 1334 484 1383 motibus
508 1334 743 1384 excitatur
767 1343 816 1383 et
839 1336 1030 1383 urendo
1054 1333 1287 1383 clarescit.
1350 1335 1527 1384 eadem
1550 1333 1673 1383 ratio
1696 1333 1748 1382 in
1771 1342 1938 1382 nostra

222 1437 241 1464 2
266 1431 467 1478 quoque
491 1414 686 1464 civitate
709 1414 1025 1478 antiquorum
1050 1414 1386 1478 eloquentiam
1409 1414 1640 1478 provexit.
1702 1431 1820 1463 nam
1843 1413 1934 1463 etsi
1961 1433 2008 1475 15

266 1496 442 1544 horum
475 1511 676 1559 quoque
711 1504 990 1558 temporum
1026 1504 1242 1544 oratores
1278 1512 1337 1544 ea
1367 1494 1622 1544 consecuti
1653 1503 1780 1555 sunt,
1807 1510 1936 1558 quae

266 1576 542 1639 composita
588 1585 638 1626 et
678 1576 844 1640 quieta
886 1585 935 1625 et
975 1577 1121 1626 beata
1167 1593 1219 1626 re
1260 1576 1460 1639 publica
1506 1575 1653 1625 tribui
1698 1577 1772 1624 fas
1818 1583 1932 1635 erat,

267 1665 434 1706 tamen
466 1657 547 1706 illa
570 1657 936 1721 perturbatione
967 1674 1027 1707 ac
1059 1657 1256 1707 licentia
1280 1658 1419 1721 plura
1450 1656 1545 1706 sibi
1575 1655 1784 1720 adsequi
1806 1655 1938 1706 vide-

267 1738 458 1799 bantur,
486 1755 600 1788 cum
636 1738 798 1788 mixtis
830 1738 1063 1788 omnibus
1099 1748 1148 1788 et
1182 1740 1492 1788 moderatore
1523 1754 1626 1787 uno
1656 1736 1937 1787 carentibus

268 1827 459 1868 tantum
484 1819 694 1883 quisque
721 1829 884 1869 orator
914 1829 1117 1883 saperet,
1147 1829 1387 1883 quantum
1417 1818 1594 1869 erranti
1621 1820 1810 1882 populo
1832 1835 1937 1882 per·
1961 1838 2012 1866 πο

222 1923 245 1961 3
268 1899 461 1949 suaderi
479 1908 683 1963 poterat.
733 1900 850 1949 hinc
874 1902 1004 1963 leges
1028 1900 1255 1950 assiduae
1274 1910 1323 1950 et
1346 1902 1583 1964 populare
1601 1916 1799 1960 nomen,
1818 1899 1936 1949 hinc

268 1980 525 2030 contiones
550 1980 918 2044 magistratuum
942 1997 1101 2044 paene
1124 1982 1519 2045 pernoctantium
1545 1980 1596 2029 in
1619 1979 1797 2042 rostris,
1818 1980 1936 2030 hinc

267 2061 606 2111 accusationes
630 2062 908 2124 potentium
932 2078 1126 2112 reorum
1153 2072 1202 2112 et
1224 2062 1510 2126 adsignatae
1533 2062 1682 2112 etiam
1701 2061 1935 2112 domibus

268 2140 564 2202 inimicitiae,
601 2141 717 2191 hinc
748 2159 1006 2205 procerum
1040 2143 1277 2193 factiones
1310 2152 1359 2193 et
1390 2143 1588 2192 assidua
1622 2152 1820 2192 senatus
1851 2144 1935 2192 ad-

217 2243 245 2283 4
268 2238 434 2271 versus
452 2222 650 2285 plebem
669 2224 947 2273 certamina.
999 2241 1127 2289 quae
1151 2224 1341 2288 singula
1365 2224 1455 2274 etsi
1474 2223 1812 2274 distrahebant
1829 2241 1933 2273 rem
1959 2245 2008 2286 25

267 2303 531 2366 publicam,
561 2305 853 2354 exercebant
877 2315 1041 2356 tamen
1071 2307 1263 2356 illorum
1289 2315 1568 2370 temporum
1600 2306 1932 2370 eloquentiam

268 2394 316 2434 et
336 2384 524 2448 magnis
548 2387 798 2436 cumulare
816 2388 1043 2450 praemiis
1063 2388 1367 2449 videbantur,
1387 2388 1502 2452 quia
1520 2396 1707 2452 quanto
1725 2387 1935 2451 quisque

267 2468 377 2529 plus
412 2465 628 2516 dicendo
664 2477 866 2531 poterat,
907 2478 1044 2519 tanto
1082 2470 1269 2520 facilius
1307 2472 1519 2520 honores
1554 2469 1929 2532 adsequebatur,

268 2555 405 2595 tanto
438 2547 590 2610 magis
621 2548 670 2596 in
697 2549 813 2612 ipsis
843 2551 1114 2601 honoribus
1146 2554 1357 2615 collegas
1389 2568 1503 2601 suos
1535 2550 1766 2610 anteibat,
1795 2557 1934 2598 tanto

267 2627 377 2688 plus
418 2629 551 2689 apud
589 2629 833 2692 principes
868 2631 1061 2694 gratiae,
1098 2634 1207 2695 plus
1245 2632 1544 2682 auctoritatis
1585 2632 1719 2694 apud
1754 2639 1928 2694 patres,
1957 2646 2009 2687 30

323 2770 349 2807 3
377 2758 547 2808 quidem
569 2759 649 2798 etsi
675 2757 770 2798 CA:
801 2760 901 2809 quid
925 2761 1075 2810 (quod)
1097 2762 1175 2800 etsi
1198 2765 1277 2801 cett.
1297 2775 1305 2799 :
1343 2762 1423 2801 etsi
1442 2760 1514 2800 del.
1539 2758 1594 2798 B²
1757 2772 1784 2809 9
1812 2759 1932 2809 quid·

269 2813 367 2862 quid
399 2812 511 2852 aliud
545 2811 661 2852 And.
820 2826 869 2853 10
903 2821 1213 2864 persequantur
1238 2814 1357 2854 Put.:
1404 2818 1719 2865 prosequuntur
1747 2813 1929 2865 (perse·)

269 2866 378 2906 codd.
552 2879 595 2905 11
630 2867 696 2905 hic
729 2867 883 2907 desunt
903 2880 981 2907 sex
1006 2869 1173 2918 pagelle
1192 2868 1235 2906 A
1261 2882 1392 2920 marg.
1413 2883 1421 2907 :
1454 2869 1649 2907 lacemam
1677 2871 1823 2907 notant
1847 2870 1928 2907 cett.

275 2933 320 2958 12
351 2922 539 2971 cogitant
572 2918 684 2958 AB:
728 2922 915 2970 cogitare
947 2926 1056 2960 ερατ
1099 2923 1306 2971 cogitaret
1336 2922 1473 2961 Halm
1621 2921 1689 2960 vel
1719 2921 1930 2961 abiectum

269 2973 358 3010 AB
525 2986 571 3023 17
603 2974 722 3012 nefas
741 2974 856 3013 And.
1026 2987 1079 3014 20
1110 2977 1369 3025 persuadere
1388 2976 1618 3015 Heumann
