2138 3470
789 163 1136 215 CORNELII
1172 165 1388 215 TACIT
1393 166 1416 213 1
1438 163 1445 171 ‘

268 320 554 369 comparare
586 302 835 353 timuerim
869 320 984 353 cum
1021 301 1242 367 inquieta
1275 311 1325 352 et
1359 302 1503 352 anxia
1537 311 1786 354 oratorum
1817 302 1929 354 vita.

268 384 382 435 licet
406 384 515 434 illos
541 383 811 434 certamina
833 392 883 434 et
905 382 1122 449 pericula
1153 400 1243 434 sua
1263 385 1330 433 ad
1354 385 1638 434 consulatus
1670 383 1929 445 evexerint,

268 467 399 515 malo
435 482 664 516 securum
699 473 750 515 et
781 463 1004 528 quietum
1028 463 1218 529 Virgilii
1253 480 1515 525 secessum,
1542 463 1594 514 in
1629 481 1731 529 quo
1765 473 1932 516 tamen

267 564 431 612 neque
475 547 612 611 apud
658 544 830 596 divum
867 547 1148 609 Augustum
1193 544 1346 609 gratia
1391 544 1545 595 caruit
1590 562 1754 609 neque
1797 546 1933 610 apud

221 642 242 670 2
267 629 509 693 populum
535 629 824 677 Romanum
847 625 1033 676 notitia.
1107 634 1256 675 testes
1280 625 1491 691 Augusti
1519 625 1768 690 epistulae,
1793 626 1933 677 testis

266 708 372 773 ipse
396 710 623 773 populuS,
652 707 739 773 qui
761 707 942 757 auditis
970 707 1022 757 in
1054 709 1246 759 theatro
1270 706 1459 772 Virgilii
1483 707 1702 758 versibus
1730 707 1934 758 surrexit

266 789 522 840 universus
541 799 591 840 et
607 791 734 839 forte
757 797 1068 855 praesentem
1091 797 1498 854 spectantemque
1515 787 1774 854 Virgilium
1791 806 1935 839 vene-

220 891 243 931 3
266 881 398 922 ratus
423 880 498 922 est
515 870 586 922 sic
605 871 746 936 quasi
761 874 1055 936 Augustum.
1127 888 1192 921 ne
1210 870 1387 922 nostris
1407 869 1610 935 quidem
1628 869 1933 935 temporibus

267 955 527 1004 Secundus
561 952 869 1018 Pomponius
901 954 1024 1002 Afro
1058 951 1284 1002 Domitio
1315 953 1391 1001 vel
1427 950 1664 1016 dignitate
1696 950 1825 1000 vitae
1855 952 1933 1001 vel

215 1051 242 1091 4
265 1035 594 1101 perpetuitate
616 1037 778 1085 famae
801 1033 1013 1084 cesserit.
1086 1050 1203 1083 nam
1228 1032 1431 1098 Crispus
1459 1032 1551 1083 iste
1575 1041 1624 1083 et
1650 1033 1928 1093 MarcelluS,

264 1118 331 1168 ad
377 1134 589 1182 quorum
637 1118 862 1182 exempla
902 1133 985 1166 me
1020 1132 1181 1176 vocaS,
1223 1114 1344 1179 quid
1391 1115 1577 1164 habent
1617 1113 1669 1163 in
1710 1115 1804 1173 hac
1844 1129 1934 1164 sua

265 1199 462 1248 fortuna
479 1197 978 1262 concupiscendum?
1046 1197 1184 1261 quod
1208 1195 1395 1256 timent,
1418 1212 1482 1245 an
1507 1196 1644 1260 quod
1664 1194 1933 1245 timentur?

265 1281 416 1344 quod,
445 1296 560 1329 cum
589 1277 773 1329 cotidie
803 1276 991 1342 aliquid
1027 1286 1269 1341 rogentur,
1305 1275 1339 1325 ii
1372 1275 1551 1340 quibus
1585 1284 1833 1342 praestant
1864 1274 1933 1324 in-

265 1360 565 1426 dignantur?
634 1361 773 1425 quod
786 1358 987 1424 adligati
1002 1358 1141 1409 omni
1163 1357 1449 1408 adulatione
1468 1374 1561 1407 nec
1575 1355 1932 1422 imperantibus

265 1459 505 1507 umquam
537 1440 653 1491 satis
686 1439 812 1491 servi
843 1439 1072 1491 videntur
1103 1457 1197 1490 nec
1229 1438 1375 1490 nobis
1408 1438 1523 1489 satis
1556 1438 1736 1489 liberi?
1803 1454 1932 1502 quae

264 1525 389 1575 haec
435 1540 630 1574 summa
677 1538 849 1573 eorum
895 1520 1117 1586 potentia
1163 1522 1277 1570 est?
1347 1529 1537 1570 tantum
1585 1536 1732 1584 posse
1770 1516 1932 1569 liberti

215 1620 238 1660 5
265 1608 437 1656 solent.
511 1622 592 1655 me
616 1621 732 1654 vero
760 1605 1019 1663 “dulces,”
1038 1611 1093 1652 ut
1117 1601 1347 1667 Virgilius
1380 1601 1460 1663 ait,
1492 1605 1521 1629 “
1539 1601 1760 1661 Musae,''
1777 1615 1933 1650 remo-

264 1697 371 1737 tum
403 1705 433 1737 a
464 1684 878 1736 sollicitudinibus
905 1692 954 1734 et
978 1683 1105 1734 curis
1131 1692 1181 1733 et
1205 1683 1497 1734 necessitate
1530 1682 1713 1733 cotidie
1743 1679 1932 1746 aliquid

264 1777 435 1819 contra
463 1767 685 1818 animum
711 1765 936 1827 faciendi,
965 1765 1016 1814 in
1046 1764 1129 1815 illa
1158 1781 1295 1815 sacra
1324 1764 1534 1829 illosque
1564 1762 1713 1814 fontis
1731 1764 1901 1823 ⁴ferant
1917 1779 1932 1823 3

264 1868 357 1902 nec
372 1850 601 1900 insanum
618 1851 743 1899 ultra
758 1857 807 1898 et
821 1846 1066 1898 lubricum
1083 1847 1243 1896 forum
1259 1847 1541 1911 famamque
1559 1846 1826 1910 pallentem
1841 1852 1931 1893 tre-

215 1949 239 1989 6
263 1932 409 1997 pidus
435 1930 663 1996 experiar.
738 1946 839 1980 non
869 1946 950 1979 me
981 1927 1201 1978 fremitus
1230 1926 1548 1977 salutantium
1572 1942 1666 1976 nec
1693 1925 1931 1975 anhelans

262 2012 466 2063 libertus
491 2011 680 2072 excitet,
709 2028 802 2061 nec
827 2009 1040 2060 incertus
1066 2007 1216 2059 futuri
1240 2017 1590 2059 testamentum
1615 2023 1704 2072 pro
1728 2005 1932 2071 pignore

265 2093 487 2154 scribam,
528 2110 621 2143 nec
662 2094 772 2157 plus
815 2092 1026 2142 habeam
1070 2107 1220 2155 quam
1259 2091 1396 2155 quod
1438 2088 1624 2155 possim
1662 2086 1743 2138 cui
1783 2085 1932 2137 velim

264 2174 537 2240 relinquere
556 2192 571 2236 3

549 2256 853 2321 quandoque
890 2254 1024 2305 enim
1062 2253 1221 2304 fatalis
1259 2261 1308 2303 et
1345 2268 1485 2303 meus
1522 2252 1629 2302 dies

549 2336 712 2387 veniet
735 2357 744 2386 :

264 2427 544 2483 statuarque
592 2420 785 2467 tumulo
832 2434 935 2468 non
983 2425 1199 2467 maestus
1245 2425 1295 2467 et
1340 2424 1490 2475 atrox,
1535 2415 1624 2464 sed
1670 2411 1834 2463 hilaris
1882 2421 1931 2462 et

265 2508 539 2560 coronatuS‚
569 2508 617 2549 et
642 2516 731 2564 pro
765 2497 1004 2550 memoria
1036 2497 1134 2549 mei
1163 2514 1257 2548 nec
1285 2498 1511 2550 consulat
1541 2494 1805 2560 quisquam
1836 2510 1932 2543 nec

263 2583 429 2646 roget.'

319 2723 343 2749 2
378 2710 429 2749 ad
466 2709 609 2762 Lz'ps.:
658 2716 701 2750 et
736 2708 871 2751 codd.:
921 2709 988 2751 vel
1019 2710 1072 2750 ad
1105 2707 1212 2750 Gud.
1422 2705 1666 2747 consulatus
1697 2703 1754 2745 C:
1802 2702 1928 2758 cent’‚

263 2770 423 2814 coetus,
469 2771 705 2805 conuentus
747 2770 829 2805 cett.
1000 2778 1048 2815 13
1076 2764 1143 2803 vel
1181 2764 1209 2803 ii
1247 2762 1390 2803 And.:
1440 2775 1525 2801 non
1564 2764 1784 2812 praestant
1816 2758 1931 2811 Lapa.

268 2830 315 2868 14
346 2819 460 2859 omni
491 2817 695 2859 Walther:
740 2826 805 2869 ρῡ,
833 2832 927 2859 cum
947 2818 1083 2860 codd.:
1125 2818 1210 2859 secl,
1231 2816 1348 2857 And.
1462 2828 1518 2856 20
1545 2815 1775 2867 pallentem
1798 2814 1930 2854 B²H=

264 2873 506 2923 pallantem,
541 2874 756 2924 palantem
788 2878 870 2913 cett.
1062 2884 1114 2923 25
1144 2872 1399 2923 quandoque
1419 2901 1428 2911 .
1450 2900 1461 2911 .
1484 2899 1492 2908 .
1515 2870 1656 2909 veniet
1694 2869 1751 2908 sic
1776 2867 1936 2921 scripsit

262 2926 407 2967 Heller
500 2929 611 2967 enim
635 2928 707 2968 del.
731 2927 956 2981 anpirdey
1094 2928 1149 2967 26
1177 2925 1323 2967 ueniet
1342 2924 1451 2966 B²H
1462 2938 1472 2964 z
1504 2924 1648 2964 ueniat
1667 2927 1747 2963 cett.
1877 2934 1930 2974 27

262 2993 345 3032 que
365 2982 448 3022 secl.
476 2982 582 3023 Gud.

1956 645 1979 685 5

1958 1051 2008 1082 10

1957 1456 2005 1498 15

1955 1865 2007 1894 20

1955 2271 2003 2312 25
