2138 3470
930 181 1295 230 AGRICOLA

283 320 488 370 miscere
523 319 573 368 in
603 319 761 369 vicem
794 318 997 386 consilia
1032 318 1210 382 aliqua,
1238 318 1354 367 dein
1388 334 1609 381 separare
1627 337 1641 379 3
1677 318 1947 382 aliquando

281 401 434 466 frangi
458 410 660 464 aspectu
684 389 943 463 pignorum
970 416 1183 459 suorum,
1208 399 1401 462 saepius
1427 399 1673 448 concitari.
1740 400 1953 463 satisque
1982 419 1998 445 2

280 482 537 531 constabat
562 480 773 531 saevisse
798 482 1041 544 quosdam
1067 480 1117 528 in
1143 480 1376 549 coniuges
1396 497 1454 529 ac
1476 480 1668 540 liberos,
1699 490 1951 544 tamquam

279 562 632 612 misererentur.
694 561 943 626 proximus
969 560 1074 610 dies
1099 560 1274 610 faciem
1301 560 1532 610 victoriae
1561 561 1704 611 latius
1732 563 1919 627 aperuit
1943 584 1952 613 ε

229 658 251 697 5
278 651 470 692 vastum
489 642 675 706 ubique
694 642 955 702 silentium,
975 641 1148 692 secreti
1169 643 1331 702 colles,
1355 641 1594 691 fumantia
1617 645 1788 711 procul
1808 653 1948 706 tecta,

277 740 427 772 nemo
451 722 837 787 exploratoribus
867 722 1053 772 obvius.
1129 723 1310 786 quibus
1343 722 1394 771 in
1430 722 1630 773 ornnem
1666 734 1853 788 partem
1883 726 1951 776 di-
1976 745 1999 783 3

277 803 450 865 missis,
478 804 565 854 ubi
597 803 781 854 incerta
812 806 955 867 fugae
988 803 1190 867 vestigia
1227 821 1390 868 neque
1422 821 1631 869 usquam
1668 808 1950 870 conglobari

277 885 432 934 hostis
467 895 776 950 compertum
803 885 872 950 (et
905 894 1074 935 exacta
1107 885 1205 934 iam
1239 895 1424 935 aestate
1459 887 1618 950 spargi
1651 888 1836 937 bellum
1869 906 1950 939 ne-

277 965 483 1031 quibat),
506 967 557 1015 in
582 967 692 1015 finis
719 969 1036 1036 Borestorum
1062 966 1328 1016 exercitum
1357 968 1570 1017 deducit.
1622 960 1710 1017 ¹ibi
1734 970 1947 1033 acceptis
1972 985 1997 1022 4

201 1061 254 1089 10
276 1046 546 1107 obsidibus,
568 1049 816 1110 praefecto
842 1047 1009 1116 classis
1035 1047 1335 1097 circumvehi
1364 1048 1667 1098 Britanniam
1695 1051 1943 1114 praecipit.
1990 1097 1994 1100 ⁴

275 1128 420 1176 datae
442 1129 507 1176 ad
532 1126 584 1176 id
607 1127 744 1188 vires,
768 1136 817 1177 et
841 1136 1170 1192 praecesserat
1195 1136 1358 1178 terror.
1424 1128 1529 1192 ipse
1554 1130 1772 1192 peditem
1797 1140 1946 1194 atque

274 1207 463 1271 equites
487 1210 623 1257 lento
647 1208 831 1269 itinere,
851 1225 952 1272 quo
977 1226 1215 1278 npvarum
1240 1209 1460 1272 gentium
1487 1209 1640 1258 animi
1665 1210 1770 1274 ipsa
1796 1220 1945 1261 trans-

271 1287 368 1337 itus
401 1306 538 1338 mora
570 1298 872 1349 terrerentur,
907 1289 958 1337 in
991 1289 1208 1339 hibernis
1246 1289 1437 1339 locavit.
1514 1299 1563 1340 et
1596 1290 1740 1340 simul
1774 1292 1940 1341 classis
1970 1308 1990 1348 5

272 1372 492 1419 secunda
523 1367 815 1434 tempestate
850 1387 910 1419 ac
944 1372 1076 1419 fama
1111 1372 1497 1420 Trucculensem
1534 1380 1731 1434 portum
1767 1372 1935 1435 tenuit,

199 1466 245 1508 15
271 1452 406 1500 unde
428 1450 652 1514 proximo
677 1450 959 1500 Britanniae
981 1445 1130 1500 latere
1154 1454 1283 1501 lecto
1307 1451 1444 1501 omni
1468 1452 1686 1501 redierat.

340 1534 496 1581 Hunc
518 1549 679 1582 rerum
703 1548 913 1593 cursum,
933 1549 1235 1596 quamquam
1259 1534 1394 1581 nulla
1417 1533 1677 1582 verborum
1704 1533 1933 1583 iactantia
1960 1541 2031 1589 39

270 1612 491 1675 epistulis
515 1612 773 1676 Agricolae
803 1622 1019 1673 auctum,
1046 1622 1100 1662 ut
1127 1612 1415 1662 Domitiano
1449 1613 1597 1662 moris
1632 1623 1745 1674 erat,
1775 1616 1935 1672 fronte

268 1694 437 1755 laetus,
481 1703 681 1757 pectore
720 1693 892 1743 anxius
934 1693 1136 1758 excepit.
1210 1694 1365 1743 inerat
1407 1694 1710 1744 conscientia
1753 1695 1937 1744 derisui
1966 1716 1985 1742 2

267 1773 418 1824 fuisse
462 1791 619 1838 nuper
664 1775 841 1823 falsum
883 1791 911 1823 e
953 1773 1218 1823 Germania
1266 1773 1581 1837 triumphum,
1630 1775 1806 1839 emptis
1850 1792 1938 1839 per

195 1874 244 1902 20
267 1853 575 1915 commercia,
595 1870 806 1918 quorum
830 1853 1028 1903 habitus
1053 1863 1102 1903 et
1126 1853 1283 1903 crines
1308 1853 1359 1902 in
1384 1854 1689 1918 captivorum
1717 1855 1932 1919 speciem

267 1937 618 1985 formarentur:
659 1944 710 1984 at
734 1952 868 1984 nunc
891 1953 1055 1984 veram
1082 1951 1411 1999 magnamque
1435 1935 1687 1984 victoriam
1714 1945 1787 1985 tot
1813 1935 1934 1984 mili-

266 2016 359 2065 bus
389 2015 605 2065 hostium
638 2015 793 2065 caesis
825 2015 1012 2079 ingenti
1043 2018 1175 2065 fama
1203 2015 1449 2065 celebrari.
1524 2015 1576 2065 id
1603 2016 1695 2065 sibi
1721 2016 1934 2066 maxime
1966 2035 1988 2073 3

266 2096 653 2157 formidolosum,
673 2096 846 2161 privati
864 2096 1079 2147 hominis
1105 2113 1289 2146 nomen
1314 2113 1460 2160 supra
1486 2096 1718 2160 principis
1745 2098 1931 2148 attolli:

266 2179 440 2227 frustra
464 2178 626 2227 studia
650 2178 740 2227 fori
764 2178 1052 2227 etcivilium
1076 2178 1253 2227 artium
1278 2179 1431 2227 decus
1456 2177 1507 2226 in
1534 2178 1781 2227 silentium
1806 2188 1928 2240 acta,

192 2277 240 2316 25
266 2257 306 2305 si
341 2257 599 2307 militarem
634 2257 838 2321 gloriam
873 2258 997 2307 alius
1032 2266 1332 2320 occuparet3
1379 2266 1427 2306 et
1463 2267 1624 2307 cetera
1662 2267 1932 2323 utcumque

264 2336 453 2386 facilius
485 2337 791 2398 dissimulari,
819 2337 959 2386 ducis
994 2338 1116 2387 boni
1151 2337 1513 2401 imperatoriam
1545 2338 1772 2388 virtutem
1807 2356 1926 2389 esse.

263 2416 442 2466 talibus
465 2418 592 2466 curis
618 2417 867 2478 exercitus,
895 2419 1132 2482 quodque
1156 2435 1330 2468 saevae
1354 2418 1662 2481 cogitationis
1689 2419 1927 2470 indicium
1955 2442 1979 2479 4

263 2506 376 2557 erat,
421 2507 609 2547 secreto
655 2515 746 2547 suo
793 2498 1005 2559 satiatus,
1051 2499 1294 2562 optimum
1341 2498 1392 2546 in
1439 2500 1712 2562 praesentia
1762 2502 1929 2551 statuit

263 2595 499 2641 reponere
538 2578 724 2639 odium,
773 2580 935 2628 donec
974 2579 1187 2642 impetus
1224 2581 1385 2628 famae
1421 2588 1470 2627 et
1511 2581 1646 2628 favor
1688 2580 1926 2631 exercitus

320 2719 338 2745 1
371 2707 510 2756 aliqua
527 2707 613 2748 secl.
641 2707 820 2757 Classen,
840 2707 1019 2758 Wolfflin
1140 2721 1166 2758 5
1197 2709 1355 2748 deserti
1375 2708 1539 2748 Ernesti
1657 2724 1684 2759 9
1716 2711 1924 2751 Horesto-

263 2772 353 2798 rum
382 2761 480 2801 Put.
649 2775 697 2811 14
729 2763 1035 2802 trucculentem
1072 2762 1199 2815 (—sern
1229 2762 1369 2815 r²)1·:
1416 2768 1547 2803 trutu.
1577 2764 1632 2803 al.
1662 2769 1749 2802 1¹¹⁰:
1794 2771 1926 2804 trutu-

263 2813 355 2853 lens
394 2821 459 2854 est
487 2821 550 2854 A:
600 2816 916 2856 Truttulensem
944 2816 1041 2857 Put.
1265 2830 1313 2868 15
1346 2818 1540 2868 proximo
1587 2831 1702 2857 anno
1754 2818 1931 2870 Madvig

263 2868 419 2908 rediret
448 2870 533 2920 (vel
560 2871 746 2910 reditura
774 2873 886 2923 erat)
912 2870 1018 2909 idem
1188 2884 1234 2920 17
1265 2877 1435 2911 auctum
1466 2873 1607 2923 Lips.2
1648 2879 1785 2911 actum
1816 2873 1925 2911 codd.

262 2927 309 2960 ut
327 2929 418 2962 erat
439 2924 706 2964 Domitianus
728 2929 816 2963 rm:
847 2931 893 2964 ut
916 2925 1183 2964 Domitianus
1203 2932 1293 2965 erat
1313 2931 1350 2965 Δ
1525 2929 1573 2965 18
1603 2927 1773 2975 excepit
1796 2926 1895 2965 Put.
1915 2941 1923 2963 :

205 2996 208 3000 >
263 2976 419 3026 excipit
446 2982 501 3015 1¹:
547 2979 683 3028 caepit
712 2985 749 3017 A
915 2992 967 3017 20
997 2980 1139 3019 crines
1163 2978 1288 3019 Put.:
1335 2980 1463 3019 crinis
1489 2980 1598 3019 codd.
1765 2993 1818 3029 29
1851 2994 1921 3019 ex·

263 3030 373 3069 citus
393 3037 428 3069 Δ

1760 3087 1811 3126 5*
