2138 3470
609 171 966 221 DIALOGUS
1005 172 1099 219 DE
1137 172 1591 222 ORATORIBUs

274 324 393 357 rum.
461 324 588 371 quae
616 308 706 357 etsi
730 325 862 357 nunc
885 309 1044 371 aptior
1067 318 1140 358 est
1164 306 1246 374 [ita
1270 308 1386 375 erit}
1410 309 1741 372 eloquentiam
1766 320 1930 360 tamen

273 387 394 437 illud
418 389 578 437 forum
610 388 763 452 magis
788 390 1056 449 exercebat,
1085 389 1135 438 in
1161 406 1260 453 quo
1292 407 1440 438 nemo
1465 389 1590 438 intra
1613 391 1931 453 paucissimas

272 470 416 518 horas
462 486 687 533 perorare
738 471 1004 533 cogebatur
1055 479 1104 519 et
1155 471 1336 520 liberae
1388 471 1932 535 comperendinationes

272 557 409 598 erant
424 559 472 599 et
490 552 697 599 modum
721 549 772 598 in
796 550 1012 600 dicendo
1036 549 1128 600 sibi
1145 550 1353 614 quisque
1377 551 1603 600 sumebat
1628 560 1676 600 et
1700 568 1932 600 numerus

226 651 249 692 5
272 647 434 693 neque
469 631 660 680 dierum
695 648 859 694 neque
892 640 1210 694 patronorum
1246 631 1516 681 finiebatur.
1590 632 1774 695 primus
1809 633 1932 681 haec
1961 653 1979 679 2

271 710 413 759 tertio
445 713 703 760 consulatu
733 713 824 762 Cn.
852 712 1118 775 Pompeius
1149 712 1404 761 adstrinxit
1427 711 1760 775 imposuitque
1784 712 1934 761 veluti

270 793 434 840 frenos
466 791 789 854 eloquentiae,
818 790 885 840 ita
913 800 1079 841 tamen
1111 800 1164 840 ut
1196 791 1362 840 omnia
1394 791 1444 839 in
1476 793 1594 852 foro,
1623 791 1790 841 omnia
1821 792 1933 855 legi-

270 871 376 931 bus,
413 871 580 921 omnia
612 874 748 935 apud
782 882 1028 935 praetores
1063 882 1369 936 gererentur:
1415 874 1550 935 apud
1586 889 1710 936 quos
1746 882 1932 936 quanto

270 952 455 1001 maiora
489 953 686 1016 negotia
719 952 839 1002 olim
871 953 1082 1003 exerceri
1117 953 1259 1002 solita
1293 953 1401 1013 sint,
1435 955 1571 1017 quod
1607 954 1763 1003 maius
1798 971 1933 1017 argu-

199 1044 251 1073 10
271 1041 602 1082 mentumest
637 1049 788 1096 quam
822 1031 960 1096 quod
994 1050 1171 1082 causae
1211 1033 1596 1094 centumvirales,
1637 1051 1763 1098 quae
1798 1051 1931 1084 nunc

270 1112 482 1175 primum
507 1113 735 1163 obtinent
756 1113 936 1173 locum,
963 1115 1092 1163 adeo
1120 1115 1382 1177 splendore
1405 1114 1611 1163 aliorum
1638 1114 1931 1164 iudiciorum

269 1193 614 1254 obruebantur,
634 1203 688 1243 ut
712 1211 875 1258 neque
899 1194 1152 1244 Ciceronis
1176 1212 1339 1259 neque
1358 1195 1581 1245 Caesaris
1606 1212 1768 1259 neque
1794 1196 1931 1245 Bruti

268 1289 430 1336 neque
455 1273 611 1324 Caelii
634 1291 798 1337 neque
822 1274 974 1334 Calvi,
1002 1291 1105 1323 non
1129 1275 1346 1338 denique
1369 1275 1514 1324 ullius
1539 1275 1704 1339 magni
1728 1276 1931 1325 oratoris

268 1353 390 1402 liber
420 1355 554 1416 apud
586 1354 915 1403 centumviros
950 1354 1112 1404 dictus
1148 1357 1344 1418 legatur,
1377 1356 1592 1418 exceptis
1628 1355 1930 1405 orationibus

198 1447 244 1488 15
268 1432 440 1494 Asinii,
476 1450 603 1496 quae
639 1450 729 1498 pro
769 1433 1034 1484 heredibus
1066 1434 1306 1485 Urbiniae
1342 1434 1685 1495 inscribuntur,
1720 1436 1785 1484 ab
1823 1436 1931 1499 ipso

267 1524 432 1564 tamen
452 1515 677 1565 Pollione
700 1515 875 1565 mediis
900 1515 1000 1565 divi
1019 1515 1229 1579 Augusti
1247 1516 1550 1579 temporibus
1574 1516 1783 1576 habitae,
1802 1525 1931 1579 post-

266 1611 416 1658 quam
448 1597 594 1658 longa
625 1604 904 1658 temporum
933 1596 1074 1659 quies
1106 1604 1155 1645 et
1178 1595 1469 1645 continuum
1497 1595 1668 1658 populi
1694 1596 1848 1645 otium
1883 1605 1931 1645 et

265 1675 463 1726 assidua
493 1685 690 1725 senatus
726 1675 1048 1740 tranquillitas
1083 1685 1133 1725 et
1167 1675 1378 1725 maxime
1408 1675 1640 1738 principis
1670 1675 1929 1739 disciplina

265 1755 422 1819 ipsam
446 1772 646 1820 quoque
670 1756 1003 1819 eloquentiam
1028 1756 1154 1805 sicut
1177 1756 1344 1805 omnia
1366 1755 1461 1804 alia
1483 1765 1752 1818 pacaverat.

194 1851 243 1879 20
332 1839 542 1886 Parvum
590 1845 638 1885 et
684 1835 944 1886 ridiculum
991 1838 1195 1885 fortasse
1239 1835 1484 1884 videbitur
1529 1837 1666 1898 quod
1707 1835 1924 1885 dicturus
1948 1838 2016 1886 39

265 1934 388 1978 sum,
416 1918 578 1967 dicam
611 1927 789 1977 tamen,
817 1919 895 1966 vel
926 1917 1041 1966 ideo
1076 1925 1132 1966 ut
1165 1916 1390 1965 rideatur.
1464 1925 1703 1979 quantum
1737 1916 1926 1965 humili-

265 1997 375 2046 tatis
399 2006 629 2060 putamus
658 1997 968 2060 eloquentiae
991 1997 1211 2046 attulisse
1233 1998 1467 2060 paenulas
1493 1996 1619 2056 istaS,
1641 1996 1819 2059 quibus
1847 1998 1929 2045 ad-

265 2077 415 2126 stricti
448 2087 497 2127 et
524 2080 657 2126 velut
692 2077 867 2126 inclusi
903 2095 1017 2126 cum
1053 2076 1299 2126 iudicibus
1335 2078 1646 2126 fabulamur?
1689 2086 1927 2140 quantum

264 2158 439 2207 virium
463 2158 728 2208 detraxisse
756 2158 964 2207 orationi
992 2158 1234 2207 auditoria
1257 2167 1306 2207 et
1330 2158 1567 2206 tabularia
1591 2157 1848 2218 credimus,
1878 2157 1928 2205 in

193 2259 240 2298 25
266 2238 445 2302 quibus
486 2238 583 2287 iam
630 2241 729 2287 fere
769 2238 1007 2301 plurimae
1053 2254 1230 2286 causae
1276 2236 1613 2299 explicantur?
1671 2253 1786 2285 narn
1828 2253 1927 2299 quo
1954 2263 1972 2290 2

266 2320 417 2367 modo
449 2318 628 2367 nobilis
661 2335 815 2381 equos
847 2335 1016 2366 cursus
1041 2327 1090 2367 et
1121 2317 1277 2381 spatia
1305 2317 1528 2380 probant,
1557 2316 1627 2365 sic
1656 2325 1729 2365 est
1752 2315 1926 2379 aliquis

264 2384 511 2445 oratorum
552 2414 768 2460 campus,
806 2413 894 2460 per
928 2414 1077 2460 quem
1119 2397 1213 2445 nisi
1247 2396 1387 2446 liberi
1428 2406 1476 2446 et
1514 2396 1661 2445 soluti
1697 2398 1921 2456 ferantur,

264 2476 544 2525 debilitatur
567 2493 625 2525 ac
649 2476 883 2539 frangitur
905 2476 1198 2540 eloquentia.
1260 2477 1416 2539 ipsam
1436 2476 1556 2540 quin
1581 2476 1734 2525 immo
1759 2493 1924 2525 curam
1951 2490 1973 2529 3

265 2565 314 2604 et
358 2556 603 2620 diligentis
655 2557 752 2605 stili
796 2556 1092 2606 anxietatem
1138 2557 1430 2606 contrariam
1482 2557 1765 2620 experimur,
1812 2557 1926 2621 quia

324 2697 341 2723 1
374 2684 431 2723 ita
451 2684 532 2723 erit
549 2683 634 2723 secl.
657 2681 845 2722 Dronke:
877 2684 1064 2723 extiterit
1090 2683 1296 2725 Walther:
1329 2684 1479 2736 extitit,
1504 2685 1648 2725 existit
1669 2685 1743 2724 aliz·
1842 2684 1925 2724 elo·

263 2738 479 2789 quentiam
494 2737 690 2789 Agricola
707 2751 715 2775 :
747 2737 987 2786 eloquentia
1001 2737 1109 2776 codd.
1223 2750 1248 2787 3
1279 2739 1405 2778 horas
1421 2751 1503 2778 om.
1520 2738 1692 2777 A¹BD:
1726 2751 1925 2789 perorare

264 2791 391 2829 horas
411 2789 549 2829 Halm
627 2802 653 2838 4
682 2789 726 2828 in
747 2789 839 2829 add.
865 2790 972 2830 Gud.
991 2805 1001 2830 ε
1029 2791 1198 2830 dicendi
1217 2791 1279 2843 H,
1301 2791 1398 2832 Put.
1480 2804 1528 2842 15
1561 2792 1768 2831 Urbiniae
1784 2792 1894 2842 Lips.
1915 2806 1923 2830 :

266 2844 426 2893 urbine,
452 2844 585 2893 uruie,
606 2846 682 2884 &c.
707 2844 815 2883 codd.
989 2845 1037 2883 18
1068 2846 1247 2883 maxime
1267 2845 1435 2884 Haase:
1474 2847 1655 2885 maxima
1679 2847 1788 2898 (-mi)
1814 2845 1921 2884 codd.

269 2911 318 2947 19
348 2899 428 2936 alia
448 2899 591 2937 omnia
609 2898 650 2936 E
665 2912 673 2936 :
706 2899 845 2937 omnia
865 2899 1141 2948 depacaverat
1160 2898 1202 2936 A
1209 2899 1249 2937 B
1403 2912 1457 2938 20
1486 2900 1697 2938 videbitur
1722 2899 1922 2937 Ursinus:

220 3001 223 3005 Δ
266 2953 436 2989 uidetur
455 2951 561 2990 codd.
732 2964 781 2989 21
816 2953 955 2991 ridear
973 2952 1061 2990 AB
