2138 3470
778 210 1126 260 CORNELII
1161 211 1407 262 TACITI

259 348 389 396 dam.
463 347 605 398 facile
638 349 914 412 perferebat
952 348 1084 412 prior
1119 348 1201 398 ille
1237 351 1465 414 populus,
1499 359 1555 400 ut
1589 349 1843 416 imperitus
1876 361 1926 403 et

258 428 407 488 rudis,
435 428 922 493 impeditissimarum
964 429 1244 479 orationum
1279 429 1449 494 spatia,
1486 439 1636 495 atque
1675 431 1729 481 id
1762 431 1925 496 ipsum

212 529 236 567 3
258 510 504 569 laudabat,
534 508 574 558 si
609 508 825 559 dicendo
863 509 974 572 quis
1010 509 1145 559 diem
1180 509 1425 560 eximeret.
1496 510 1596 560 iam
1630 529 1746 562 vero
1779 514 1927 580 longa

258 588 610 654 principiorum
646 589 952 654 praeparatio
993 599 1043 640 et
1079 590 1371 641 narrationis
1402 593 1500 641 alte
1539 591 1744 656 repetita
1778 593 1926 644 series

258 679 307 719 et
342 672 606 720 multarum
635 670 935 720 divisionum
971 671 1237 721 ostentatio
1272 680 1322 721 et
1359 671 1492 722 mille
1526 682 1925 736 argumentorum
1950 689 1972 728 5

255 753 449 816 graduS,
478 760 527 801 et
562 751 808 816 quidquid
842 751 980 801 aliud
1006 751 1294 822 aridissimis
1319 755 1659 817 Hermagorae
1693 762 1742 802 et
1775 755 1927 818 Apol-

255 831 417 881 lodori
440 831 574 881 libris
599 832 906 896 praecipitur,
934 832 986 881 in
1010 834 1202 882 honore
1225 842 1327 883 erat
1347 851 1362 895 3
1395 835 1532 897 quod
1556 833 1598 882 si
1621 833 1731 898 quis
1755 836 1927 884 odora-

257 922 335 962 tus
360 913 726 977 philosophiam
751 914 998 963 videretur
1030 924 1079 963 et
1108 932 1169 963 ex
1199 931 1259 964 ea
1285 917 1454 964 locum
1476 914 1693 978 aliquem
1717 915 1926 965 orationi

207 1017 234 1055 4
257 1011 376 1043 suae
399 993 646 1055 insereret,
675 994 726 1043 in
761 997 954 1044 caelum
987 994 1218 1044 laudibus
1252 995 1510 1044 ferebatur.
1583 1012 1676 1045 nec
1717 995 1926 1056 mirum3

257 1085 394 1124 erant
441 1075 573 1124 enirn
620 1077 743 1124 haec
791 1092 920 1124 nova
967 1085 1016 1125 et
1062 1075 1325 1139 incognita,
1371 1085 1420 1125 et
1459 1075 1678 1139 ipsorum
1725 1093 1925 1140 quoque
1954 1092 2001 1120 10

256 1165 504 1205 oratorum
529 1155 809 1220 paucissimi
835 1165 1098 1220 praecepta
1132 1158 1384 1205 rhetorum
1406 1165 1492 1205 aut
1515 1156 1924 1220 philosophorum

208 1253 229 1292 5
255 1236 434 1300 placita
469 1247 812 1301 cognoverant.
885 1246 935 1285 at
974 1238 1173 1286 hercule
1208 1235 1501 1300 pervulgatis
1539 1236 1636 1285 iam
1674 1236 1920 1298 omnibus

254 1334 368 1366 cum
402 1316 479 1366 vix
511 1317 561 1365 in
597 1317 785 1366 cortina
819 1317 1082 1380 quisquam
1106 1316 1324 1378 adsistat,
1352 1316 1473 1381 quin
1497 1317 1752 1367 elementis
1775 1318 1925 1368 studi-

254 1415 408 1458 orum,
454 1397 545 1447 etsi
586 1415 688 1447 non
729 1397 1007 1458 instructus,
1049 1407 1099 1446 at
1140 1406 1273 1447 certe
1313 1396 1534 1447 imbutus
1574 1397 1647 1458 sit,
1687 1398 1827 1448 novis
1873 1408 1923 1449 et

255 1478 505 1543 exquisitis
547 1478 859 1542 eloquentiae
895 1478 1150 1528 itineribus
1192 1495 1319 1543 opus
1354 1488 1440 1539 est,
1477 1496 1564 1543 per
1598 1466 1726 1543 quae
1760 1489 1923 1530 orator
1949 1497 1995 1538 15

254 1558 504 1608 fastidium
539 1559 731 1609 aurium
767 1559 977 1623 effugiat,
1017 1559 1188 1623 utique
1215 1560 1351 1623 apud
1389 1575 1476 1608 eos
1512 1558 1713 1620 iudiceS‚
1752 1559 1838 1624 qui
1874 1559 1922 1609 vi

254 1649 303 1688 et
336 1649 593 1703 potestate,
621 1657 724 1689 non
756 1638 859 1689 iure
889 1648 937 1689 et
973 1639 1162 1704 legibus
1198 1649 1518 1704 cognoscunt,
1546 1657 1639 1689 nec
1672 1639 1922 1705 accipiunt

254 1730 488 1784 tempora,
525 1722 614 1771 sed
650 1721 970 1781 constituunt,
999 1738 1092 1770 nec
1129 1722 1516 1785 exspectandum
1548 1722 1734 1771 habent
1766 1730 1922 1772 orato-

253 1819 369 1862 rem,
407 1803 529 1851 dum
553 1801 622 1851 illi
654 1802 805 1851 libeat
837 1803 901 1852 de
933 1801 1042 1865 ipso
1068 1801 1269 1866 negotio
1301 1801 1477 1861 dicere,
1506 1802 1595 1850 sed
1620 1818 1768 1865 saepe
1792 1803 1919 1852 ultro

252 1883 525 1931 admonent
558 1891 709 1946 atque
743 1882 841 1932 alio
877 1881 1314 1946 transgredientem
1340 1891 1571 1931 revocant
1607 1891 1655 1931 et
1691 1881 1919 1932 festinare
1944 1902 1994 1930 20

253 1978 306 2011 se
329 1971 579 2011 testantur.
1477 1968 1479 1970 ’

163 2053 231 2090 20
324 2042 449 2104 Quis
482 2060 615 2092 nunc
647 2045 767 2092 feret
801 2052 1044 2092 oratorem
1077 2044 1142 2093 de
1174 2042 1455 2091 infirmitate
1478 2042 1772 2092 valetudinis
1801 2059 1919 2093 suae

254 2126 593 2188 praefantem?
662 2123 826 2188 qualia
850 2133 964 2173 sunt
983 2126 1082 2173 fere
1106 2123 1345 2188 principia
1365 2122 1578 2174 Corvini.
1651 2123 1761 2188 quis
1781 2122 1919 2188 quin-

253 2221 350 2268 que
382 2204 433 2253 in
462 2207 667 2254 Verrem
704 2205 853 2254 libros
890 2203 1231 2269 exspectabit?
1301 2203 1410 2267 quis
1443 2205 1508 2253 de
1543 2198 1833 2268 exceptione
1868 2213 1917 2254 et

251 2286 460 2334 formula
478 2285 775 2350 perpetietur
790 2285 871 2334 illa
886 2285 1111 2334 inmensa
1124 2283 1388 2344 volumina,
1408 2301 1535 2347 quae
1554 2301 1642 2347 pro
1660 2285 1730 2333 M.
1749 2283 1916 2334 Tullio
1941 2299 1990 2339 25

207 2382 225 2408 2
250 2375 334 2415 aut
368 2369 500 2416 Aulo
526 2366 742 2417 Caecina
774 2366 1020 2431 legimus?
1089 2365 1353 2430 praecurrit
1385 2367 1482 2414 hoc
1514 2374 1737 2428 tempore
1766 2363 1916 2414 iudex

250 2447 499 2497 dicentem
536 2457 597 2507 et,
627 2446 719 2496 nisi
755 2456 838 2496 aut
875 2464 1019 2496 cursu
1054 2454 1455 2511 argumentorum
1489 2454 1576 2494 aut
1610 2446 1775 2494 colore
1809 2461 1916 2494 sen-

249 2528 512 2577 tentiarum
553 2537 638 2577 aut
686 2527 844 2577 nitore
885 2537 934 2577 et
975 2529 1110 2576 cultu
1157 2526 1546 2590 descriptionum
1593 2524 1824 2574 invitatus
1865 2534 1915 2574 et

203 2626 227 2665 3
251 2619 507 2672 corruptus
543 2619 628 2668 est,
661 2619 908 2658 aversatur
939 2606 1235 2674 [dicentem].
1322 2609 1494 2670 vulgus
1529 2621 1730 2669 quoque
1764 2603 1915 2654 adsis-

250 2689 458 2739 tentium
496 2698 544 2738 et
579 2691 803 2738 adfluens
840 2699 887 2738 et
916 2705 1066 2752 vagus
1101 2687 1296 2737 auditor
1331 2685 1556 2736 adsuevit
1591 2685 1688 2734 iam
1725 2684 1913 2749 exigere
1937 2701 1987 2742 30

250 2769 483 2819 laetitiam
518 2779 566 2817 et
600 2769 1015 2832 pulchritudinem
1049 2767 1282 2817 orationis
1301 2784 1315 2827 3
1349 2783 1442 2816 nec
1472 2765 1624 2830 magis
1658 2767 1834 2829 perfert
1862 2764 1912 2814 in

306 2911 331 2937 2
361 2898 762 2949 imperitissimarum
789 2897 896 2936 codd.
919 2910 994 2937 em.
1018 2896 1208 2936 Muretus
1371 2908 1395 2945 3
1425 2894 1536 2935 laudi
1562 2894 1740 2934 dabatur
1763 2894 1875 2934 CAE
1881 2893 1921 2933 V

252 2965 275 3000 4
309 2954 595 2991 narrationum
631 2950 809 3003 Spengel
1045 2965 1066 3001 7
1098 2953 1297 2990 odoratus
1336 2949 1417 2988 BE
1425 2950 1509 2988 VH
1524 2963 1533 2988 x
1589 2950 1790 2988 adoratus
1829 2953 1910 2990 cett.

250 3019 277 3054 9
308 3007 551 3045 serebantur
571 3005 701 3044 AEV
890 3018 938 3055 13
968 3006 1067 3054 quin
1094 3006 1303 3045 lutardus:
1345 3004 1414 3053 qui
1447 3003 1555 3042 codd,
1765 3015 1810 3052 17
1839 3008 1912 3042 aut

252 3059 415 3109 legibus
436 3060 523 3098 ΑΒ
659 3072 710 3109 24
742 3060 794 3099 de
816 3058 936 3098 B²Ez
958 3073 1038 3098 om.
1066 3063 1145 3098 cett.
1287 3071 1340 3108 29
1370 3058 1580 3096 dicentem
1601 3057 1687 3096 secl.
1711 3057 1847 3096 Schele
