2138 3470
751 173 1097 223 CORNELII
1134 175 1378 224 TACITI

222 352 225 355 .
266 329 426 377 eoque
472 312 752 375 interfectiS,
796 314 1023 363 nondum
1064 315 1261 377 vulgato
1308 330 1502 364 rumore
1539 322 1594 364 ut
1641 313 1931 364 miraculum

218 417 241 455 3
264 395 701 459 praevehebantur
753 411 871 444 mox
892 396 959 449 ad
981 411 1163 459 aquam
1181 404 1332 487 atque
1350 394 1489 445 utilia
1502 395 1652 460 raptis
1671 411 1841 445 secum
1859 411 1884 439 *
1903 413 1929 442 su:

262 492 369 525 cum
400 475 653 566 plerisque
685 475 1036 526 Britannorum
1077 493 1166 526 sua
1203 458 1568 527 defensantium
1600 476 1789 541 proelio
1817 493 1933 526 con-

262 556 414 621 gressi
447 573 508 606 ac
542 567 691 621 saepe
717 556 939 618 victoreS,
977 557 1247 621 aliquando
1282 557 1423 621 pulsi,
1463 574 1524 607 eo
1558 559 1624 607 ad
1659 566 1930 607 extremum

262 637 464 702 inopiae
487 654 680 698 venere,
708 646 764 687 ut
795 626 1155 687 infirmissimos
1187 654 1401 698 suorum,
1435 654 1553 687 mox
1586 647 1718 687 sorte
1751 640 1931 688 ductos
1956 659 1978 699 5

213 738 239 775 4
254 727 587 768 vescerentur.
610 768 613 769 γ
660 726 812 782 atque
842 718 912 768 ita
943 718 1258 768 circumvecti
1283 717 1602 780 Britanniam,
1629 717 1821 768 amissis
1845 736 1933 783 per

261 799 508 848 inscitiam
543 799 746 863 regendi
780 799 1000 861 navibus,
1029 816 1118 863 pro
1153 799 1486 867 praedonibus
1521 799 1689 860 habiti,
1718 799 1931 863 primum

214 898 235 937 5
260 898 290 929 a
323 880 513 941 Suebis,
541 897 658 930 mox
691 897 722 930 a
751 880 915 930 Frisiis
944 880 1202 945 intercepti
1227 889 1353 930 sunt.
1426 896 1486 929 ac
1516 882 1662 930 fuere·
1687 896 1813 944 quos
1845 896 1932 944 per

262 961 562 1011 commercia
575 963 887 1012 venundatos
912 970 961 1011 et
984 962 1035 1010 in
1061 970 1279 1010 nostram
1298 978 1456 1026 usque
1480 961 1637 1026 ripam
1657 961 1932 1012 mutatione

263 1043 537 1097 ementium
559 1045 805 1093 adductos
829 1043 1068 1093 indicium
1093 1043 1215 1092 tanti
1241 1060 1382 1093 casus
1406 1042 1691 1093 inlustravit.
1777 1092 1779 1094 ,
1957 1064 2007 1093 10

171 1129 240 1178 29
333 1124 485 1174 Initio
530 1125 729 1174 aestatis
775 1125 1005 1188 Agricola
1049 1125 1326 1175 domestico
1372 1126 1572 1174 vulnere
1618 1124 1756 1185 ictus,
1797 1142 1932 1174 anno

263 1214 379 1255 ante
402 1214 575 1255 natum
608 1205 764 1255 filium
797 1205 973 1255 amisit.
1046 1222 1197 1270 quem
1229 1223 1399 1255 casum
1433 1222 1596 1269 neque
1627 1214 1682 1255 ut
1710 1206 1933 1270 plerique

261 1286 463 1336 fortium
501 1286 716 1337 virorum
752 1287 1028 1348 ambitiose,
1069 1304 1232 1351 neque
1273 1284 1359 1351 per
1399 1289 1616 1336 lamenta
1661 1303 1827 1336 rursus
1871 1303 1933 1337 ac

261 1385 535 1419 maerorem
571 1368 874 1419 muliebriter
897 1369 1041 1419 tulit:
1078 1377 1127 1418 et
1155 1368 1207 1418 in
1238 1370 1375 1418 luctu
1410 1369 1595 1418 bellum
1630 1368 1758 1419 inter
1779 1384 1933 1419 reme-

214 1473 234 1500 2
259 1450 343 1500 dia
377 1459 492 1500 erat.
566 1449 712 1514 igitur
741 1450 1009 1515 praemissa
1042 1452 1209 1511 classe,
1237 1466 1366 1514 quae
1393 1449 1615 1514 pluribus
1645 1448 1768 1500 locis
1798 1466 1933 1514 prae·
1957 1470 2005 1511 15

259 1534 376 1582 data
394 1549 629 1596 magnum
649 1541 698 1582 et
716 1531 959 1582 incertum
977 1540 1211 1582 terrorem
1234 1533 1427 1591 faceret,
1447 1530 1678 1595 expedito
1701 1530 1929 1592 exercitu,

260 1613 341 1663 cui
376 1631 436 1664 ex
473 1613 721 1663 Britannis
750 1612 1040 1663 fortissimos
1070 1621 1120 1662 et
1151 1615 1299 1677 longa
1327 1629 1451 1677 pace
1485 1614 1762 1677 exploratos
1795 1611 1934 1663 addi-

259 1697 411 1756 derat,
455 1697 523 1746 ad
568 1704 792 1745 montem
841 1694 1115 1758 Graupium
1162 1693 1395 1758 pervenit,
1441 1710 1590 1758 quern
1630 1693 1729 1743 iam
1775 1693 1932 1744 hostis

213 1795 235 1834 3
259 1777 518 1827 insederat.
552 1793 573 1827 9
593 1793 710 1826 narn
741 1775 964 1842 Britanni
998 1775 1119 1824 nihil
1152 1774 1290 1849 fracti
1314 1791 1510 1839 pugnae
1533 1774 1705 1839 prioris
1734 1783 1927 1836 eventu,

260 1866 310 1907 et
349 1857 589 1907 ultionem
636 1866 723 1907 aut
768 1857 1019 1906 servitium
1060 1865 1411 1920 exspectantes,
1452 1856 1756 1919 tandemque
1794 1854 1931 1905 docti
1955 1872 2007 1902 20

261 1954 528 1988 commune
557 1938 831 2002 periculum
865 1937 1133 1988 concordia
1163 1937 1567 2001 propulsandum,
1603 1935 1931 2000 legationibus

212 2040 237 2079 4
260 2028 310 2069 et
343 2018 627 2070 foederibus
663 2019 889 2069 omnium
925 2018 1178 2068 civitatum
1210 2017 1335 2067 vires
1372 2016 1660 2067 exciverant.
1732 2016 1932 2081 iamque

261 2117 407 2165 super
453 2100 650 2165 triginta
698 2100 833 2150 milia
879 2108 1180 2149 armatorum
1235 2097 1612 2162 aspiciebantur,
1662 2104 1713 2147 et
1765 2098 1932 2148 adhuc

259 2182 513 2231 adfluebat
548 2181 712 2232 omnis
742 2182 972 2231 iuventus
1002 2190 1052 2231 et
1084 2180 1266 2245 quibus
1299 2181 1452 2229 cruda
1479 2194 1538 2229 ac
1569 2178 1737 2229 viridis
1765 2194 1931 2229 senec·

260 2272 352 2324 tuS,
385 2263 501 2313 clari
537 2264 671 2314 bello
704 2273 753 2314 et
784 2280 874 2313 sua
905 2262 1116 2327 quisque
1151 2263 1331 2311 decora
1359 2268 1619 2325 gestanteS,
1654 2276 1770 2310 cum
1804 2259 1931 2309 inter
1955 2278 2003 2318 25

260 2344 411 2408 pluris
447 2346 600 2394 duces
637 2345 815 2394 virtute
850 2353 899 2394 et
936 2360 1116 2408 genere
1156 2351 1408 2407 praestans
1450 2341 1653 2391 nomine
1689 2342 1931 2405 Calgacus

259 2428 395 2489 apud
421 2413 722 2476 contractam
748 2425 1117 2476 multitudinem
1142 2424 1384 2489 proelium
1409 2432 1698 2488 poscentem
1722 2411 1774 2472 in
1798 2423 1932 2473 hunc

263 2509 469 2557 modum
495 2510 688 2557 locutus
712 2510 889 2558 fertur:

173 2596 242 2643 30
336 2588 607 2650 ‘Quotiens
644 2605 815 2638 causas
850 2588 967 2638 belli
1003 2597 1052 2638 et
1088 2586 1432 2637 necessitatem
1469 2594 1686 2636 nostram
1722 2583 1927 2645 intueor,

265 2685 471 2732 magnus
514 2669 634 2717 mihi
674 2670 869 2719 animus
907 2679 981 2719 est
1021 2669 1318 2719 hodiernum
1359 2667 1493 2717 diem
1531 2681 1931 2729 consensumque
1957 2684 2007 2723 30

264 2759 479 2800 vestrum
504 2749 698 2800 initium
732 2751 967 2801 libertatis
993 2750 1083 2800 toti
1121 2748 1402 2799 Britanniae
1431 2749 1566 2797 fore:
1601 2763 1715 2796 nam
1745 2754 1794 2795 et
1826 2745 1929 2795 uni-

319 2893 345 2919 2
374 2879 493 2920 utilia
523 2879 707 2932 Selling:
739 2886 783 2920 ut
811 2880 880 2919 illa
908 2879 1017 2921 codd.
1133 2880 1328 2919 lacunam
1349 2877 1504 2917 notavit
1522 2876 1675 2915 Ritter:
1717 2887 1811 2915 cum
1831 2859 1926 2915 alid.

265 2933 371 2973 idem
541 2936 589 2973 18
619 2933 866 2984 Grampium
895 2934 993 2975 Put.
1163 2934 1217 2973 26
1246 2932 1458 2982 Calgacus
1489 2931 1551 2981 N,
1576 2930 1707 2969 Rhen.
1877 2941 1932 2979 30

266 3001 590 3038 consensusque
612 2995 648 3028 Δ
813 3001 861 3037 31
897 2990 1027 3027 totius
1048 2988 1145 3027 Put.
