2138 3470
475 157 819 207 CORNELII
859 157 1102 208 TACITI
1168 118 1352 207 DIAL.
1395 159 1489 207 DE
1526 158 1731 208 ORAT.

278 299 379 347 lum
411 297 738 358 contionibuS,
776 314 890 347 cum
926 299 991 348 de
1025 315 1076 348 re
1111 297 1310 362 publica
1345 315 1447 348 non
1481 298 1693 362 imperiti
1725 309 1773 350 et
1804 297 1947 350 multi

277 378 560 439 deliberent,
614 380 703 428 sed
751 377 1138 442 sapientissimus
1186 388 1235 429 et
1280 381 1446 428 unus?
1502 379 1624 443 quid
1662 379 1947 430 voluntariis

275 460 684 520 accusationibus,
718 476 833 508 cum
866 468 966 508 tam
999 477 1106 509 raro
1139 468 1188 509 et
1219 468 1320 509 tam
1345 476 1491 523 parce
1514 463 1780 523 peccetur?
1825 460 1947 525 quid

276 540 528 591 invidiosis
566 549 614 590 et
650 539 1000 589 excedentibus
1038 542 1246 589 modum
1282 539 1667 601 defensionibus,
1705 557 1820 590 cum
1855 543 1949 590 cle-

230 644 251 684 5
278 621 461 671 mentia
509 621 851 685 cognoscentis
901 620 1099 670 obviam
1141 619 1529 684 periclitantibus
1576 622 1691 670 eat?
1747 620 1944 682 credite,
1970 633 1992 673 5

278 702 452 766 optimi
488 711 537 752 et
569 702 620 751 in
654 711 893 766 quantum
931 718 1056 765 opus
1092 710 1166 751 est
1198 700 1502 751 disertissimi
1534 700 1635 761 viri,
1674 701 1716 750 si
1745 710 1831 751 aut
1860 717 1948 751 vos

277 783 518 847 prioribus
553 783 759 833 saeculis
791 792 877 832 aut
907 783 988 843 illi,
1019 799 1143 846 quos
1177 783 1421 842 miramur,
1450 781 1526 830 his
1557 781 1660 831 nati
1689 791 1864 843 essent,
1890 798 1950 832 ac

277 865 400 914 deus
431 864 607 928 aliquis
637 865 759 914 vitas
792 881 851 914 ac
883 863 1073 932 [vestra]
1098 873 1322 928 tempora
1351 873 1553 926 repente
1581 872 1829 924 mutasset,
1857 880 1951 913 nec

278 944 417 994 vobis
460 961 654 994 summa
691 945 771 994 illa
812 947 917 994 laus
959 954 1007 995 et
1047 945 1199 1010 gloria
1241 945 1292 993 in
1331 944 1614 1009 eloquentia
1653 961 1818 1008 neque
1857 943 1949 992 illis

280 1027 458 1075 modus
491 1035 539 1076 et
573 1035 1015 1089 temperamentum
1048 1025 1313 1076 defuisset:
1350 1044 1496 1087 nunc,
1533 1026 1769 1090 quoniam
1801 1042 1950 1075 nemo
1975 1042 2025 1070 ιο

279 1109 458 1157 eodem
491 1117 713 1171 tempore
736 1107 943 1171 adsequi
967 1117 1130 1170 potest
1166 1125 1395 1172 magnam
1428 1109 1611 1156 famam
1643 1116 1692 1157 et
1721 1123 1949 1172 magnam

279 1188 508 1252 quietem,
538 1189 674 1239 bono
707 1188 888 1239 saeculi
917 1188 992 1239 sui
1017 1189 1227 1253 quisque
1259 1189 1379 1238 citra
1403 1189 1813 1238 obtrectationem
1836 1190 1952 1237 alte-

277 1269 375 1320 rius
399 1272 591 1320 utatur.'
962 1323 966 1326 ,

190 1359 256 1408 42
347 1350 561 1400 Finierat
596 1352 864 1412 MaternuS,
906 1368 1021 1401 cum
1060 1354 1322 1402 Messalla:
1366 1355 1530 1401 ‘erant
1565 1349 1745 1415 quibus
1779 1358 1952 1399 contra

278 1430 507 1492 dicerem,
548 1439 685 1481 erant
721 1433 785 1481 de
822 1432 1002 1496 quibus
1039 1434 1177 1496 plura
1213 1432 1311 1482 dici
1347 1433 1537 1493 vellem,
1576 1430 1671 1480 nisi
1710 1429 1808 1479 iam
1844 1429 1950 1479 dies
1980 1444 2026 1487 15

279 1521 407 1562 esset
431 1514 660 1562 exactus.'
736 1517 747 1539 ‘
762 1514 871 1562 fiet'
897 1513 1057 1578 inquit
1083 1515 1340 1562 Maternus
1369 1516 1567 1575 ‘postea
1589 1510 1823 1560 arbitratu
1847 1518 1952 1570 tu0,

280 1602 329 1643 et
357 1592 397 1642 si
422 1609 520 1656 qua
544 1592 631 1642 tibi
665 1594 874 1643 obscura
906 1593 957 1642 in
990 1595 1087 1643 hoc
1120 1610 1233 1643 meo
1266 1609 1494 1642 sermone
1516 1591 1620 1641 visa
1651 1599 1776 1651 sunt,
1804 1591 1869 1639 de
1891 1589 1951 1639 iis

236 1695 255 1722 2
280 1689 442 1725 rursus
485 1675 825 1723 conferemus.'
896 1690 954 1723 ac
996 1673 1141 1722 simul
1187 1674 1456 1736 adsurgens
1503 1681 1552 1721 et
1588 1674 1778 1735 Aprum
1819 1687 1951 1720 com·

282 1755 451 1816 plexus
492 1756 636 1818 ‘ego'
673 1754 833 1818 inquit
870 1758 944 1804 ‘te
982 1754 1153 1817 poetis,
1195 1755 1429 1802 Messalla
1462 1762 1628 1802 autem
1665 1750 1949 1815 antiquariis

283 1833 679 1884 criminabimur.’
732 1838 808 1884 ‘at
826 1851 917 1898 ego
935 1850 1022 1883 vos
1042 1833 1318 1883 rhetoribus
1342 1842 1391 1883 et
1409 1832 1712 1882 scholasticis
1728 1833 1739 1855 '
1755 1831 1928 1897 inquit.
1974 1853 2026 1882 20

353 1916 483 1965 Cum
506 1915 801 1975 adrisissent‚
830 1915 1157 1965 discessimus.

343 2057 365 2093 7
398 2043 453 2081 illi
475 2043 637 2082 Halm:
682 2044 747 2083 isti
771 2043 879 2082 codd.
1048 2046 1074 2082 8
1103 2048 1244 2083 vestra
1263 2043 1348 2083 secl.
1371 2043 1533 2083 Halm:
1577 2044 1687 2083 vitas
1714 2050 1880 2084 vestras
1900 2056 1949 2084 ac

289 2105 481 2148 tempora
504 2097 658 2135 Bekker
824 2109 874 2147 19
901 2102 1041 2137 autem
1067 2096 1369 2138 Weissenborn:
1402 2110 1495 2136 cum
1516 2096 1623 2137 codd.
1645 2111 1653 2136 :
1684 2096 1758 2137 del.
1781 2097 1876 2137 Put.
