2138 3470
916 155 1299 203 GERMANIA

278 290 372 340 bus
411 289 601 341 infinita
639 301 724 342 aut
765 291 917 342 libera
956 301 1186 357 potestaS‚
1230 301 1279 342 et
1316 294 1469 343 duces
1510 297 1737 358 exemplo
1771 293 1936 359 potius

275 388 426 436 quam
451 372 670 436 imperio,
697 373 737 423 si
761 373 989 438 prompti,
1016 373 1057 423 si
1085 373 1353 438 conspicui,
1381 374 1422 424 si
1453 384 1568 424 ante
1590 374 1748 424 aciem
1771 384 1933 439 agant,

274 452 599 503 admiratione
623 464 865 518 praesunt.
933 464 1151 504 ceterum
1174 471 1338 519 neque
1361 455 1748 505 animadvertere
1771 472 1935 518 neque
1962 475 1981 502 2

274 532 470 594 vincire,
508 551 573 583 ne
607 535 860 584 verberare
894 534 1098 598 quidem
1134 534 1227 584 nisi
1259 535 1595 585 sacerdotibus
1624 534 1932 599 permissum,

228 634 251 675 5
275 632 377 665 non
406 615 546 679 quasi
577 615 628 664 in
660 632 873 679 poenam
906 633 998 665 nec
1030 616 1171 666 ducis
1207 616 1355 676 iussn,
1384 619 1471 666 sed
1495 618 1628 666 velut
1662 619 1760 667 deo
1783 616 1936 680 impe-

275 703 425 756 rante,
445 712 595 759 quem
619 697 792 746 adesse
817 695 1113 746 bellantibus
1137 698 1356 746 credunt.
1418 696 1700 760 effigiesque
1723 705 1772 746 et
1795 695 1936 760 signa
1961 714 1984 754 3

274 778 520 840 quaedam
552 777 770 826 detracta
797 776 919 826 lucis
952 776 1003 826 in
1035 777 1276 841 proelium
1309 779 1502 838 ferunt3
1535 778 1773 841 quodque
1800 794 1935 841 prae-

274 857 476 921 cipuum
515 855 812 907 fortitudinis
853 856 1227 907 incitamentum
1268 867 1356 918 est,
1394 874 1497 907 non
1521 859 1677 907 'casus
1714 874 1808 907 nec
1842 859 1935 907 for-

274 937 398 987 tuita
421 937 735 1001 conglobatio
767 946 978 987 turmam
1009 947 1094 987 aut
1125 954 1340 987 cuneum
1363 939 1493 999 facit,
1520 940 1610 988 sed
1640 938 1853 987 familiae
1884 947 1935 988 et

202 1040 253 1071 10
275 1018 695 1082 propinquitates;
742 1027 791 1068 et
831 1018 882 1067 in
929 1018 1153 1082 proximo
1198 1019 1416 1083 pignora,
1458 1020 1594 1069 unde
1640 1019 1934 1068 feminarum

274 1101 489 1150 ululatus
519 1099 691 1160 audiri,
716 1102 851 1150 unde
879 1099 1068 1164 vagitus
1100 1099 1375 1150 infantium.
1448 1100 1501 1149 hi
1532 1099 1712 1164 cuique
1736 1098 1935 1149 sanctis·
1957 1114 1984 1152 4

275 1179 387 1230 simi
420 1189 583 1241 testeS,
609 1180 662 1229 hi
696 1179 895 1230 maximi
930 1182 1238 1231 laudatores:
1284 1183 1350 1231 ad
1379 1189 1572 1241 matreS,
1605 1182 1671 1230 ad
1699 1180 1934 1243 coniuges

274 1261 478 1310 vulnera
499 1262 661 1310 ferunt
677 1278 692 1322 ,-
726 1276 819 1310 nec
842 1260 954 1309 illae
978 1277 1235 1310 numerare
1259 1270 1308 1311 et
1332 1260 1522 1324 exigere
1545 1262 1712 1325 plagas
1736 1269 1931 1325 pavent,

274 1340 513 1405 cibosque
536 1349 586 1390 et
607 1340 885 1390 hortamina
908 1340 1241 1404 pugnantibus
1265 1350 1469 1404 gestant.

203 1438 251 1481 15
344 1419 618 1471 Memoriae
652 1420 874 1485 proditur
908 1423 1149 1484 quasdam
1183 1421 1314 1471 acies
1350 1420 1606 1471 inclinatas
1643 1420 1742 1470 iam
1782 1430 1832 1471 et
1870 1422 1934 1470 la·
1956 1429 1989 1477 8

275 1501 438 1552 bantis
476 1519 508 1552 a
542 1501 737 1551 feminis
783 1501 1027 1551 restitutas
1068 1502 1345 1552 constantia
1390 1520 1592 1567 precum
1637 1513 1688 1553 et
1733 1501 1935 1553 obiectu

275 1591 531 1647 pectorum
566 1590 616 1632 et
650 1590 919 1632 monstrata
954 1582 1233 1632 comminus
1269 1582 1562 1647 captivitate,
1599 1599 1750 1647 quam
1787 1584 1935 1647 longe

275 1662 592 1728 inpatientius
632 1662 925 1712 feminarum
972 1680 1170 1713 suarum
1218 1663 1422 1714 nomine
1468 1663 1657 1725 timent,
1705 1666 1834 1715 adeo
1879 1672 1936 1714 ut

275 1744 520 1794 efficacius
555 1743 834 1808 obligentur
869 1743 1021 1794 animi
1062 1744 1314 1794 civitatum
1351 1744 1532 1809 quibus
1572 1744 1698 1794 inter
1734 1744 1935 1795 obsides

205 1846 256 1875 20
275 1827 468 1891 puellae
517 1841 719 1889 quoque
773 1825 964 1876 nobiles
1019 1825 1331 1890 imperantur.
1404 1826 1566 1875 inesse
1619 1825 1740 1889 quin
1787 1825 1935 1875 etiam
1962 1843 1983 1872 2

273 1916 500 1958 sanctum
522 1906 710 1970 aliquid
732 1915 782 1956 et
809 1906 1069 1970 providum
1094 1916 1281 1971 putant,
1308 1924 1402 1957 nec
1423 1916 1508 1956 aut
1540 1906 1745 1957 consilia
1768 1923 1935 1956 earum

273 1997 596 2052 aspernantur
640 1996 725 2038 aut
778 2005 1014 2052 responsa
1068 1991 1345 2052 neglegunt.
1418 1987 1631 2039 vidimus
1678 1988 1772 2038 sub
1819 1987 1935 2038 divo
1958 2000 1982 2040 3
2038 1990 2045 1997 ”

274 2068 590 2132 Vespasiano·
627 2070 900 2118 Velaedam
946 2068 1032 2118 diu
1072 2070 1207 2133 apud
1254 2070 1514 2132 plerosque
1560 2067 1776 2118 numinis
1823 2069 1936 2117 loco

274 2149 526 2211 habitam3
560 2150 650 2199 sed
673 2158 722 2199 et
746 2149 865 2199 olim
890 2150 1165 2199 Albrunam
1199 2159 1247 2200 et
1280 2148 1545 2213 compluris
1576 2149 1696 2199 alias
1719 2147 1937 2199 venerati

207 2248 257 2290 25
275 2238 404 2290 sunt,
430 2246 533 2279 non
556 2229 840 2279 adulatione
863 2246 957 2279 nec
981 2238 1234 2293 tamquam
1259 2231 1475 2279 facerent
1499 2231 1630 2280 deas.

344 2313 566 2360 Deorum
607 2309 818 2359 maxime
866 2309 1168 2358 Mercurium
1216 2311 1400 2369 colunt,
1444 2309 1524 2358 cui
1569 2309 1713 2359 certis
1758 2308 1935 2360 diebus
1961 2318 1997 2366 9

274 2389 504 2440 humanis
543 2405 744 2454 quoque
784 2390 956 2440 hostiis
997 2390 1134 2439 litare
1180 2392 1252 2439 fas
1294 2390 1491 2439 habent.
1567 2392 1838 2440 Herculem
1878 2407 1938 2440 ac

277 2473 491 2520 Martem
526 2469 774 2519 concessis
811 2470 1106 2519 animalibus
1142 2471 1350 2534 placant.
1424 2486 1534 2534 pars
1570 2471 1847 2520 Sueborum
1888 2479 1937 2519 et
1964 2489 1983 2517 2

277 2551 400 2602 Isidi
432 2551 698 2601 sacrificat:
735 2552 869 2600 unde
894 2568 1042 2600 causa
1065 2560 1114 2600 et
1146 2550 1282 2614 origo
1306 2551 1562 2615 peregrino
1594 2568 1733 2600 sacro
1762 2567 1936 2614 parum

203 2651 255 2692 30
276 2631 496 2697 comperi
527 2631 621 2682 nisi
649 2634 787 2696 quod
811 2632 1005 2696 signum
1029 2631 1192 2696 ipsum
1215 2631 1267 2681 in
1292 2633 1498 2682 modum
1523 2631 1745 2682 liburnae
1768 2633 1938 2695 figura-

333 2774 353 2801 1
385 2761 476 2812 aut]
508 2774 557 2801 ac
585 2760 670 2801 DS
776 2761 839 2812 et]
871 2761 998 2801 etiam
1026 2759 1115 2800 ΑΒ
1297 2773 1323 2804 2
1350 2765 1482 2811 agunt
1509 2759 1554 2799 D
1702 2773 1731 2811 9
1757 2759 1938 2799 familiae

274 2821 348 2856 aut
375 2815 465 2854 AB
518 2831 521 2833 ’
670 2828 716 2854 11
747 2816 916 2855 auditur
941 2815 1163 2866 Nipperdey
1371 2827 1419 2864 13
1448 2827 1697 2854 enumerare
1725 2813 1768 2852 B
1876 2814 1938 2863 et]

275 2875 350 2909 aut
379 2868 468 2908 ΑΒ
644 2881 696 2919 23
725 2868 920 2909 ueledam
953 2869 1057 2910 AC:
1105 2866 1298 2909 ualedam
1327 2867 1394 2910 D:
1438 2868 1632 2908 uoledam
1663 2867 1705 2906 Β
1885 2880 1937 2915 24

276 2923 511 2963 Albrunam
533 2922 816 2976 Wackernagel
829 2936 838 2964 :
868 2923 1088 2963 albriniam
1103 2921 1298 2969 A²B²C²t
1330 2923 1533 2962 auriniam
1549 2921 1703 2963 ABD:
1730 2921 1938 2961 ssuriniam

279 2977 318 3019 C
474 2979 528 3017 28
557 2977 735 3017 Martem
754 2990 788 3017 c.
809 2990 845 3018 a.
866 2977 1033 3028 placant
1053 2982 1096 3016 et
1118 2976 1347 3016 Herculem
1367 2976 1456 3014 ΑΒ
