2132 3464
823 982 1422 1047 PRAEFATIO

358 1235 424 1283 ΙΝ
459 1233 809 1282 constituendo
841 1232 1046 1281 huiusce
1078 1231 1229 1281 libelli
1261 1241 1395 1280 textu
1426 1249 1457 1280 a
1480 1231 1725 1295 plerisque
1760 1229 1955 1280 editori-

290 1328 383 1376 bus
430 1327 482 1375 hi
519 1336 751 1390 quattuor
788 1326 986 1376 codices
1028 1326 1238 1376 adhibiti
1274 1336 1401 1386 sunt,
1442 1342 1654 1389 quorum
1695 1326 1951 1374 varietates

290 1421 606 1471 notabiliores
642 1438 702 1470 ex
735 1421 974 1484 ampliore
1008 1421 1369 1470 Muellenhoffii
1400 1430 1636 1485 apparatu
1669 1421 1838 1470 critico
1870 1423 1952 1470 de-

291 1515 621 1578 prompsimus
640 1534 651 1564 :

357 1654 390 1687 A
415 1637 799 1703 (Muellenhoffii
823 1647 872 1688 et
898 1638 1089 1688 Halmii
1111 1638 1184 1704 B)
1209 1638 1494 1699 Vaticanus,
1528 1641 1666 1688 1862.

359 1748 387 1780 B
412 1733 796 1797 (Muellenhoffii
821 1743 870 1781 et
890 1733 1080 1782 Halmii
1098 1734 1146 1797 b)
1173 1733 1431 1783 Leidensis
1456 1733 1558 1782 sive
1583 1732 1944 1782 Perizonianus.

354 1840 386 1874 c
411 1826 798 1892 (Muellenhoffii
832 1835 882 1875 et
920 1826 1110 1875 Halmii
1138 1826 1180 1892 c)
1218 1827 1543 1877 Farnesianus
1580 1827 1682 1876 sive
1719 1827 1948 1890 Neapoli-

554 1930 710 1971 tanus.

354 2031 390 2063 D
415 2015 798 2081 (Muellenhoffii
822 2025 871 2066 et
897 2016 1088 2066 Halmii
1119 2015 1181 2082 C)
1205 2017 1489 2078 Vaticanus,
1522 2021 1660 2082 1518.

355 2135 427 2184 Hi
452 2153 625 2186 omnes
646 2136 976 2196 Germaniam,
998 2137 1276 2200 Dialogum,
1297 2147 1346 2187 et
1369 2139 1698 2201 fragmentum
1723 2138 1947 2189 Suetonii

285 2231 350 2278 de
398 2229 510 2279 viris
568 2229 834 2281 illustribus
892 2230 1162 2290 continent,
1223 2234 1269 2281 C
1315 2231 1463 2281 etiarn
1517 2249 1600 2282 sex
1651 2233 1946 2297 posteriores

286 2322 555 2371 Annalium
602 2323 752 2372 libros
791 2312 839 2372 et
870 2322 1130 2383 Historias,
1171 2326 1231 2372 D
1267 2324 1362 2373 alia
1402 2328 1647 2388 quaedam
1689 2329 1942 2389 opuscula.

287 2417 543 2467 Leidensis
581 2435 766 2468 nomen
804 2428 853 2467 et
890 2418 1230 2467 auctoritatem
1275 2419 1464 2468 Ioviani
1509 2421 1720 2470 Pontani
1759 2423 1948 2486 (1426-

291 2511 439 2575 1503)
471 2514 693 2575 praefert,
725 2530 753 2561 e
785 2512 924 2562 cuius
957 2513 1221 2575 exemplari
1254 2514 1512 2577 deperdito
1547 2516 1819 2579 descriptus
1855 2526 1941 2567 est.

286 2605 403 2668 Ipse
422 2606 634 2654 Pontani
658 2607 816 2655 codex
840 2615 889 2655 et
912 2608 962 2655 A
981 2609 1046 2657 ad
1064 2609 1383 2672 archetypum
1404 2609 1716 2673 deperditum
1742 2611 1945 2660 nomine

284 2699 342 2746 X
358 2698 668 2763 designatum
693 2702 977 2761 referuntur,
1004 2701 1072 2751 ita
1096 2711 1261 2752 tamen
1281 2713 1334 2753 ut
1358 2706 1406 2753 A
1429 2705 1674 2755 sincerum
1694 2707 1944 2769 archetypi

283 2799 471 2841 textum
507 2793 776 2856 exprimere
799 2794 1034 2857 videatur,
1061 2811 1210 2858 quem
1247 2796 1297 2846 in
1320 2799 1374 2846 B
1408 2798 1509 2848 sive
1546 2799 1652 2862 ipse
1689 2803 1942 2850 Pontanus

283 2884 385 2934 sive
407 2886 675 2949 apographi
700 2887 904 2950 scriptor
927 2888 977 2936 in
1011 2889 1230 2951 pluribus
1255 2890 1375 2940 locis
1399 2891 1686 2941 immutavit.
1768 2895 1814 2943 C
1823 2895 1944 2942 etD

204 2996 207 2999 ·
282 2982 347 3029 ad
371 2983 690 3045 archetypum
720 2983 1031 3045 deperditum
1072 2986 1120 3032 Y
1132 2986 1416 3047 referuntur,
1444 2986 1511 3036 ita
1539 2996 1704 3036 tamen
1734 2997 1788 3036 ut
1819 2997 1942 3036 uter—
