2138 3470
759 152 1104 202 CORNELII
1141 152 1385 202 TACITI

251 310 367 343 mox
392 293 534 343 divus
560 296 811 358 Augustus
845 309 947 343 rem
981 292 1232 357 publicam
1259 292 1411 355 rexit3
1444 292 1587 344 adice
1611 293 1798 344 Tiberii
1833 294 1918 344 tris

250 385 298 424 et
322 375 503 440 viginti,
523 384 571 425 et
590 392 744 439 prope
768 373 1148 439 quadriennium
1169 373 1275 435 Gai,
1293 391 1352 424 ac
1370 373 1446 424 bis
1471 383 1735 439 quaternos
1759 376 1917 426 denos

250 456 449 507 Claudii
484 465 533 506 et
569 455 782 506 Neronis
822 472 994 516 annos,
1030 464 1181 520 atque
1215 455 1355 505 illum
1392 457 1582 506 Galbae
1617 465 1666 506 et
1701 456 1916 507 Othonis

249 545 299 586 et
330 536 515 586 Vitellii
551 538 756 601 longum
791 545 841 586 et
875 554 1032 586 unum
1069 553 1270 597 annum,
1309 553 1369 586 ac
1407 545 1594 586 sextam
1628 536 1727 586 iam
1761 537 1916 588 felicis

249 617 396 666 huius
420 617 721 681 principatus
746 617 1024 678 stationem,
1054 634 1153 682 qua
1176 616 1511 681 Vespasianus
1535 634 1639 667 rem
1663 617 1915 683 publicam
1939 631 1961 671 5

247 699 413 747 fovet:
448 707 649 747 centum
674 707 723 747 et
746 697 917 762 viginti
947 698 1066 747 anni
1096 699 1161 748 ab
1193 697 1392 748 interitu
1417 697 1670 748 Ciceronis
1697 697 1750 748 in
1781 700 1915 749 hunc

197 796 225 836 4
247 778 382 827 diem
419 779 726 843 colliguntur,
768 778 915 828 unius
952 778 1169 828 hominis
1209 787 1356 828 aetas,
1429 795 1546 828 nam
1586 778 1694 843 ipse
1733 795 1827 844 ego
1862 779 1915 828 in

249 858 501 908 Britannia
523 859 624 909 vidi
649 876 833 920 senem,
861 859 948 923 qui
976 877 1029 909 se
1060 861 1291 909 fateretur
1319 859 1364 908 ei
1395 876 1592 924 pugnae
1622 858 1910 920 interfuisse,

246 957 345 1005 qua
380 942 644 991 Caesarem
678 940 971 990 inferentem
1005 958 1141 990 arma
1177 939 1460 990 Britanniae
1492 956 1657 990 arcere
1690 939 1913 990 litoribus

198 1041 220 1080 5
247 1030 296 1070 et
319 1023 500 1085 pellere
523 1021 741 1085 adgressi
765 1030 892 1071 sunt.
965 1021 1034 1071 ita
1057 1021 1098 1070 si
1122 1038 1250 1082 eum,
1279 1020 1365 1085 qui
1387 1029 1603 1070 armatus
1628 1021 1685 1072 C.
1713 1021 1912 1071 Caesari
1940 1036 1990 1065 10

244 1093 430 1163 restitit,
471 1104 548 1151 vel
596 1101 851 1166 captivitas
898 1103 975 1151 vel
1021 1103 1249 1151 voluntas
1290 1103 1367 1151 vel
1408 1103 1564 1150 fatum
1610 1100 1814 1165 aliquod
1860 1101 1912 1150 in

244 1184 417 1233 urbem
433 1182 754 1246 pertraxisset,
773 1199 932 1246 aeque
955 1182 1089 1231 idem
1114 1191 1162 1231 et
1182 1183 1445 1232 Caesarem
1463 1181 1627 1245 ipsum
1646 1190 1694 1230 et
1719 1180 1913 1232 Cicero-

244 1282 360 1314 nem
400 1263 570 1313 audire
608 1262 768 1327 potuit
809 1272 858 1312 et
898 1261 1076 1311 nostris
1114 1279 1315 1325 quoque
1349 1260 1627 1311 actionibus
1662 1261 1909 1312 interesse.

195 1356 220 1397 6
244 1344 468 1409 proximo
499 1343 702 1407 quidem
728 1342 979 1407 congiario
1007 1342 1102 1406 ipsi
1130 1341 1319 1391 vidistis
1349 1343 1611 1405 plerosque
1643 1358 1797 1402 seneS,
1826 1341 1912 1406 qui

244 1442 297 1475 se
337 1442 368 1475 a
408 1424 523 1474 divo
566 1441 768 1488 quoque
809 1427 1037 1488 Augusto
1075 1425 1227 1472 semel
1265 1431 1414 1486 atque
1450 1422 1626 1472 iterum
1660 1422 1912 1487 accepisse
1937 1440 1984 1481 15

198 1505 546 1570 7congiarium
579 1506 854 1554 narrabant.
928 1522 988 1554 ex
1022 1521 1123 1568 quo
1159 1503 1321 1568 colligi
1356 1511 1521 1567 potest
1556 1512 1605 1552 et
1641 1502 1911 1553 Corvinum

242 1588 307 1637 ab
339 1586 432 1635 illis
466 1595 514 1635 et
549 1585 779 1635 Asinium
808 1584 967 1635 audiri
1005 1584 1258 1649 potuisse3
1299 1601 1415 1633 nam
1449 1583 1692 1634 Corvinus
1727 1584 1778 1633 in
1814 1601 1913 1634 me-

243 1667 382 1717 dium
414 1684 572 1730 usque
600 1665 811 1730 Augusti
849 1665 1192 1730 principatum,
1231 1663 1432 1714 Asinius
1469 1681 1628 1728 paene
1661 1666 1727 1714 ad
1763 1673 1912 1715 extre-

243 1765 381 1798 mum
416 1747 620 1808 duravit,
650 1764 713 1797 ne
737 1746 966 1797 dividatis
995 1749 1259 1806 saeculum,
1288 1755 1337 1795 et
1371 1745 1602 1808 antiquos
1633 1761 1692 1794 ac
1723 1754 1910 1796 veteres

242 1829 466 1879 vocitetis
484 1838 712 1888 oratoreS‚
737 1845 862 1892 quos
882 1829 1154 1878 eorundem
1171 1826 1431 1877 hominum
1449 1842 1592 1876 aures
1607 1827 1910 1891 adgnoscere
1935 1843 1987 1872 20
2042 1815 2049 1822 ’

243 1927 303 1959 ac
326 1912 459 1960 velut
484 1910 782 1974 coniungere
806 1918 855 1958 et
879 1910 1109 1973 copulare
1133 1916 1411 1972 potuerunt.

166 1994 222 2042 18
315 1993 459 2039 Haec
495 1972 610 2039 ideo
646 1989 876 2053 praedixi,
904 1997 959 2038 ut
991 1988 1031 2037 si
1060 2005 1157 2052 qua
1189 2006 1248 2038 ex
1284 1990 1462 2038 horum
1498 1998 1747 2039 oratorum
1779 1991 1910 2040 fama

241 2070 493 2135 gloriaque
516 2072 622 2119 laus
647 2069 951 2134 temporibus
969 2068 1253 2133 adquiritur,
1276 2086 1386 2119 eam
1410 2071 1642 2119 docerem
1666 2069 1718 2118 in
1742 2069 1909 2119 medio

241 2152 385 2201 sitam
421 2160 470 2201 et
505 2150 785 2215 propiorem
822 2150 966 2199 nobis
1003 2167 1152 2214 quarn
1190 2149 1359 2200 Servio
1385 2150 1574 2199 Galbae
1598 2158 1683 2199 aut
1708 2151 1764 2200 C.
1794 2151 1909 2200 Car-

240 2232 361 2282 boni
386 2248 612 2296 quosque
635 2230 757 2280 alios
783 2231 957 2281 merito
981 2232 1211 2296 antiquos
1231 2231 1567 2282 vocaverimus
1586 2250 1599 2292 ;
1634 2239 1749 2280 sunt
1773 2230 1907 2280 enim
1933 2247 1981 2288 ²5

241 2312 425 2362 horridi
449 2321 497 2361 et
522 2311 715 2375 inpoliti
750 2321 799 2361 et
827 2314 973 2362 rudes
998 2322 1046 2362 et
1070 2313 1303 2362 informes
1329 2322 1377 2362 et
1401 2329 1527 2376 quos
1559 2311 1749 2361 utinam
1772 2312 1907 2360 nulla

240 2403 377 2459 parte
423 2392 640 2442 imitatus
688 2402 816 2443 esset
865 2395 1046 2444 Calvus
1088 2403 1247 2444 vester
1292 2402 1377 2443 aut
1426 2392 1623 2443 Caelius
1669 2401 1755 2441 aut
1801 2390 1907 2455 ipse

194 2498 214 2525 2
242 2474 430 2525 Cicero.
503 2490 646 2537 agere
679 2474 812 2523 enirn
845 2475 1017 2524 fortius
1046 2474 1145 2525 iam
1179 2483 1227 2524 et
1262 2473 1524 2523 audentius
1560 2475 1687 2533 volo,
1716 2472 1755 2522 si
1784 2471 1907 2521 illud

239 2563 355 2603 ante
391 2553 688 2617 praedixero,
719 2555 895 2604 mutari
927 2572 1041 2604 cum
1075 2555 1380 2619 temporibus
1409 2556 1589 2604 formas
1625 2569 1825 2617 quoque
1857 2562 1906 2602 et

295 2696 321 2733 3
360 2683 475 2722 illum
496 2683 599 2723 EV:
637 2685 761 2723 istum
791 2684 902 2724 AB:
944 2684 1082 2734 ipsum
1114 2682 1191 2723 CD
1426 2695 1451 2732 4
1491 2682 1714 2733 septimam
1748 2680 1908 2721 Urlichs

240 2750 265 2787 5
296 2751 378 2788 quo
405 2736 680 2776 Weissenborn
878 2740 905 2776 6
933 2738 1104 2789 viginti]
1136 2738 1283 2776 decem
1311 2735 1439 2776 ABE
1640 2737 1666 2774 8
1697 2735 1906 2774 fatebatur

243 2791 317 2830 (ΣΕ
423 2792 461 2831 ei
483 2792 523 2830 E
529 2791 568 2829 V
578 2806 585 2829 :
628 2798 670 2830 et
691 2796 771 2830 cett.
946 2803 991 2830 12
1022 2804 1157 2841 aeque
1182 2791 1294 2830 idem
1314 2789 1487 2829 Nissen:
1533 2794 1575 2828 et
1602 2789 1771 2839 quidem
1791 2788 1902 2829 codd.

245 2858 291 2894 17
323 2858 417 2885 nam
440 2876 448 2885 .
473 2876 482 2885 .
504 2876 513 2885 .
536 2845 701 2885 duravit
730 2846 814 2885 secl.
847 2844 955 2883 Gud.
1067 2845 1278 2884 Corvinus
1301 2874 1309 2883 .
1333 2874 1341 2883 .
1365 2874 1375 2883 .
1396 2842 1593 2894 Asinius]
1626 2841 1802 2882 Asinius
1823 2873 1832 2883 .
1857 2873 1866 2883 .
1888 2873 1898 2884 .

241 2900 450 2939 Corvinus
470 2899 671 2950 Borghesi
778 2899 979 2950 medium]
1011 2904 1244 2937 extremum
1271 2896 1493 2949 Nipperdey
1656 2909 1711 2935 20
1739 2896 1902 2936 uocetis

240 2953 367 2991 ABE
542 2965 595 3002 23
626 2965 717 2991 eam
740 2951 902 2990 Halm:
934 2954 1114 2991 eandem
1135 2951 1245 2991 codd.
1422 2964 1474 3001 24
1505 2956 1577 2989 aut
1596 2950 1642 2991 C.
1668 2950 1812 2990 Laelio
1830 2955 1903 2989 aut

241 3007 291 3046 C.
313 3006 444 3046 Ritter
606 3019 656 3054 27
690 3006 862 3045 miratus
886 3005 990 3046 Gud.
