2138 3470
813 147 1158 196 CORNELII
1195 148 1437 197 TACITI

291 299 438 347 saepe
466 284 731 348 interrogat
758 285 919 346 iudeX,
947 286 1150 350 quando
1178 285 1396 350 incipiaS,
1424 296 1473 337 et
1496 304 1556 337 ex
1578 288 1961 354 interrogatione

290 364 394 413 eius
426 364 767 428 incipiendum
799 374 884 414 est.
956 367 1236 430 frequenter
1263 367 1636 431 probationibus
1673 379 1722 420 et
1749 370 1958 422 testibus

288 444 538 494 silentium
563 450 830 509 †patronus
848 446 1033 496 indicit.
1097 464 1225 496 unus
1249 447 1375 497 inter
1392 450 1515 498 haec
1533 449 1719 500 dicenti
1734 461 1821 500 aut
1836 454 1960 502 alter

239 537 266 576 4
287 524 491 586 adsistit,
520 534 571 575 et
593 542 670 575 res
693 527 828 575 velut
850 525 902 574 in
925 526 1192 576 solitudine
1222 527 1391 592 agitur.
1464 530 1642 583 oratori
1665 540 1831 581 autem
1863 534 1958 582 cla-

288 622 426 656 more
456 608 733 670 plausuque
767 623 893 670 opus
929 616 1004 657 est
1038 617 1087 658 et
1118 610 1251 658 velut
1283 610 1502 672 quodam
1534 612 1757 673 theatro;
1794 613 1958 676 qualia
1981 625 2003 664 5

287 686 471 736 cotidie
500 686 716 751 antiquis
748 687 1021 737 oratoribus
1053 687 1418 753 contingebant,
1447 706 1562 739 cum
1594 699 1668 740 tot
1690 690 1868 754 pariter
1895 708 1956 743 ac

287 778 389 817 tam
429 768 622 818 nobiles
663 771 825 818 forum
871 778 1157 831 coartarent,
1201 786 1316 820 cum
1363 770 1619 821 clientelae
1658 788 1859 836 quoque
1897 789 1957 822 ac

287 849 441 899 tribus
489 859 539 899 et
584 849 965 913 municipiorum
1012 850 1161 899 etiam
1207 849 1475 914 legationes
1521 867 1580 900 ac
1625 867 1736 915 pars
1785 851 1957 902 Italiae

286 929 675 994 periclitantibus
706 930 975 990 adsisteret,
1003 947 1118 980 cum
1153 930 1205 979 in
1239 930 1484 995 plerisque
1515 930 1708 981 iudiciis
1737 933 1957 982 crederet

239 1023 262 1063 5
285 1013 500 1075 populus
526 1013 784 1060 Romanus
814 1028 902 1060 sua
932 1010 1166 1060 interesse
1190 1010 1311 1074 quid
1335 1010 1642 1061 iudicaretur.
1703 1011 1818 1061 satis
1841 1027 1958 1061 con-
1981 1025 2031 1055 10

286 1101 382 1142 stat
414 1094 470 1143 C.
500 1092 787 1143 Cornelium
819 1101 868 1141 et
901 1093 972 1140 M.
1005 1093 1243 1141 Scaurum
1275 1099 1325 1141 et
1348 1093 1405 1140 T.
1437 1091 1680 1142 Milonem
1709 1101 1758 1142 et
1782 1094 1837 1142 L.
1866 1094 1958 1142 Be-

286 1173 431 1222 stiam
463 1182 512 1222 et
545 1176 596 1222 P.
616 1173 871 1222 Vatinium
906 1189 1150 1222 concursu
1185 1171 1334 1222 totius
1372 1171 1578 1222 civitatis
1616 1181 1666 1222 et
1697 1181 1956 1223 accusatos

286 1262 336 1303 et
365 1254 610 1314 defenSOS,
643 1262 698 1303 ut
728 1252 1065 1318 frigidissimos
1101 1269 1304 1317 quoque
1337 1261 1552 1302 oratores
1583 1252 1691 1316 ipsa
1723 1253 1955 1304 certantis

284 1333 456 1396 populi
480 1333 643 1384 studia
666 1333 876 1383 excitare
900 1342 949 1383 et
966 1332 1232 1382 incendere
1255 1332 1515 1396 potuerint.
1565 1331 1732 1397 itaque
1754 1334 1954 1384 hercule

285 1413 389 1463 eius
422 1413 560 1463 modi
591 1412 702 1462 libri
733 1422 911 1474 extant,
939 1421 994 1462 ut
1024 1412 1117 1476 ipsi
1145 1429 1346 1478 quoque
1369 1412 1455 1477 qui
1486 1422 1690 1478 egerunt
1715 1429 1819 1465 non
1844 1413 1952 1464 aliis
1979 1429 2027 1473 15

288 1494 442 1559 magis
467 1494 770 1544 orationibus
794 1503 1098 1544 censeantur.

194 1587 267 1635 40
358 1577 467 1624 Iam
490 1591 607 1625 vero
635 1574 892 1624 contiones
923 1574 1152 1625 assiduae
1182 1583 1232 1625 et
1263 1576 1435 1625 datum
1458 1574 1534 1625 ius
1557 1575 1955 1639 potentissimum

287 1672 539 1721 quemque
572 1654 783 1705 vexandi
818 1664 969 1719 atque
1003 1655 1110 1719 ipsa
1143 1654 1507 1705 inimicitiarum
1541 1656 1706 1720 gloria,
1744 1673 1861 1706 cum
1901 1673 1956 1707 se

285 1735 482 1799 plurimi
506 1736 799 1786 disertorum
822 1753 888 1786 ne
910 1752 940 1785 a
959 1735 1138 1785 Publio
1161 1735 1365 1800 quidem
1385 1736 1615 1799 Scipione
1637 1745 1724 1786 aut
1738 1739 1797 1787 L.
1820 1739 1955 1788 Sulla

283 1826 370 1865 aut
402 1818 492 1867 Cn.
530 1816 771 1880 Pompeio
811 1816 1126 1877 abstinerent,
1166 1825 1215 1865 et
1248 1818 1314 1866 ad
1349 1816 1668 1866 incessendos
1707 1817 1953 1882 principes
1978 1835 2031 1866 πο

284 1897 425 1958 virOS,
459 1907 514 1947 ut
548 1907 622 1947 est
659 1907 831 1947 natura
866 1897 1091 1958 invidiae,
1133 1896 1304 1960 populi
1340 1913 1540 1961 quoque
1577 1902 1658 1950 ’tet
1691 1898 1953 1949 histriones

284 1978 483 2028 auribus
518 1987 781 2039 uterentur,
818 1987 1059 2041 quantum
1090 1979 1316 2027 ardorem
1351 1977 1572 2042 ingeniis,
1599 1995 1722 2043 quas
1756 1979 1954 2030 oratori-

284 2058 378 2108 bus
402 2060 533 2108 faces
556 2059 903 2108 admovebant.

239 2153 259 2181 2
353 2178 363 2189 .
386 2178 397 2190 .
419 2156 521 2189 non
546 2141 610 2189 de
633 2139 792 2189 otiosa
815 2149 865 2189 et
883 2139 1049 2204 quieta
1072 2157 1124 2190 re
1147 2139 1395 2204 loquimur
1418 2148 1468 2190 et
1485 2156 1613 2204 quae
1635 2140 1881 2204 probitate
1902 2150 1953 2193 et

285 2220 528 2270 modestia
550 2222 774 2284 gaudeat,
803 2222 892 2270 sed
917 2231 990 2271 est
1022 2238 1200 2285 magna
1231 2220 1312 2270 illa
1337 2230 1385 2270 et
1409 2220 1638 2270 notabilis
1671 2222 1952 2286 eloquentia
1977 2241 2026 2282 25

282 2302 483 2349 alumna
528 2300 766 2361 licentiae,
812 2317 963 2365 quam
1010 2301 1143 2350 stulti
1189 2301 1464 2350 libertatern
1510 2300 1739 2362 vocitant,
1783 2317 1952 2352 comes

283 2381 596 2442 seditionum,
616 2381 835 2432 effrenati
855 2381 1026 2445 populi
1045 2381 1432 2442 incitamentum,
1449 2381 1556 2431 sine
1573 2381 1827 2445 obsequie,
1843 2382 1954 2433 sine

284 2461 551 2523 severitate,
580 2471 858 2522 contumax,
882 2462 1148 2523 temeraria,
1176 2463 1432 2526 adroganS,
1454 2477 1582 2525 quae
1605 2461 1656 2510 in
1680 2462 1809 2512 bene
1836 2479 1952 2512 con-

239 2556 262 2594 3
284 2542 462 2591 stitutis
481 2542 758 2592 civitatibus
783 2560 885 2593 non
905 2543 1067 2594 oritur.
1113 2560 1262 2606 quern
1287 2542 1421 2592 enim
1444 2550 1686 2591 oratorem
1708 2543 1952 2592 Lacedae·

344 2683 362 2709 1
393 2672 564 2720 quando
584 2672 646 2719 H,
668 2672 793 2711 Put.:
825 2685 950 2722 quam
982 2671 1154 2722 quando
1182 2676 1263 2712 cett.
1469 2683 1494 2720 3
1524 2670 1749 2723 patronus]
1777 2677 1951 2721 praetor

287 2724 435 2763 Orelli:
466 2725 678 2775 inpatiens
696 2727 871 2776 Haupt:
904 2726 1096 2776 protinus
1113 2723 1253 2765 Nolte:
1285 2725 1512 2766 audiendis
1527 2723 1737 2764 silentium
1759 2726 1951 2774 patronis

284 2778 471 2817 Peterson
634 2792 683 2829 19
714 2780 759 2819 L.
784 2779 877 2819 add.
900 2779 1036 2818 Rr'tter
1196 2792 1245 2819 21
1278 2780 1339 2832 et]
1363 2784 1409 2818 ut
1428 2777 1591 2817 Halmx
1635 2784 1678 2816 ut
1699 2778 1944 2830 histriones,

285 2832 502 2882 plausibus
523 2831 670 2871 Haase
791 2846 843 2882 24
862 2832 1058 2872 lacunam
1079 2837 1227 2872 notant
1244 2833 1490 2883 Heumann,
1514 2829 1647 2878 And..
1674 2831 1780 2871 Gud.
1895 2835 1950 2871 26

284 2888 475 2925 vocitant
503 2885 637 2925 Hess:
679 2886 888 2925 uocabant
921 2886 1029 2927 codd.
1212 2888 1266 2926 28
1295 2886 1522 2926 severitate
1555 2883 1770 2924 Pithoeusz
1816 2887 1946 2926 servi-

287 2946 374 2977 tute
395 2938 502 2979 codd.
526 2955 535 2979 :
567 2940 756 2989 veritate,
780 2941 935 2979 virtute
957 2941 1031 2979 alii
