2138 3470
751 160 1097 210 CORNELII
1134 155 1378 212 TACITI

230 286 440 369 maneat,
491 315 692 364 quaesQ
733 300 976 364 duretque
1021 296 1266 364 gentibus,
1308 300 1348 351 si
1395 316 1499 352 non
1530 304 1684 353 ¹amor
1724 300 1893 364 nostri,

228 389 279 429 at
313 386 445 431 certe
474 380 655 431 odium
694 380 783 442 sui,
822 383 1026 445 quando
1066 381 1354 447 urgentibus
1391 382 1584 448 imperii
1621 383 1732 434 fatis
1773 382 1897 434 nihil

229 460 327 511 iam
374 471 620 526 praestare
666 464 866 512 fortuna
910 461 1070 515 maius
1114 472 1280 529 potest
1325 481 1477 530 quam
1531 465 1750 516 hostium
1801 463 1898 517 dis-

229 543 464 594 cordiam.

139 634 205 683 34
296 624 611 689 Angrivarios
648 634 698 676 et
726 625 1010 677 Chamavos
1042 644 1073 677 a
1102 622 1240 692 tergo
1265 626 1541 692 Dulgubnii
1565 636 1615 678 et
1639 627 1896 680 Chasuarii

228 706 468 756 claudunt
490 706 717 772 aliaeque
746 717 920 772 gentes
952 709 1088 758 haud
1111 708 1318 773 perinde
1343 717 1657 770 memoratae,
1682 726 1714 759 a
1735 710 1896 760 fronte

229 786 371 836 Frisii
395 787 659 851 excipiunt.
715 788 986 840 maioribus
1010 788 1387 854 minoribusque
1406 788 1573 840 Frisiis
1597 789 1895 840 vocabulum

227 876 303 917 est
326 885 386 918 ex
409 871 564 919 modo
587 868 776 919 virium.
850 879 1089 934 utraeque
1112 869 1339 920 nationes
1363 886 1522 934 usque
1544 870 1610 920 ad
1635 871 1894 922 Oceanum

228 950 412 999 Rheno
442 959 792 1013 praetexuntur
821 951 1151 1016 ambiuntque
1174 950 1429 1001 inmensos
1453 950 1654 1016 insuper
1676 952 1812 1002 lacus
1843 960 1894 1002 et

181 1051 202 1077 2
228 1030 471 1098 Romanis
510 1032 750 1082 classibus
782 1032 1049 1096 navigatos.
1123 1030 1286 1096 ipsum
1311 1030 1432 1096 quin
1458 1031 1607 1081 etiam
1632 1032 1891 1082 Oceanum

225 1110 309 1161 illa
345 1113 723 1177 temptavimus:
777 1122 827 1163 et
865 1130 1120 1177 superesse
1160 1113 1327 1162 adhuc
1367 1112 1599 1162 Herculis
1635 1114 1894 1164 columnas

225 1194 357 1242 fama
403 1194 630 1258 vulgavit,
680 1194 783 1244 sive
828 1194 950 1244 adiit
994 1195 1253 1254 HerculeS,
1294 1209 1382 1243 seu
1408 1193 1669 1258 quidquid
1708 1193 1896 1259 ubique

180 1286 203 1326 3
226 1274 545 1338 magnificum
570 1284 657 1336 est,
679 1275 731 1325 in
757 1274 1028 1325 claritatem
1049 1274 1154 1324 eius
1179 1275 1356 1324 referre
1381 1274 1736 1325 consensimus.
1800 1292 1895 1326 nec

225 1354 382 1405 defuit
417 1356 654 1407 audentia
690 1359 856 1406 Druso
894 1355 1208 1416 Germanico,
1236 1356 1327 1405 sed
1361 1355 1552 1405 obstitit
1584 1356 1816 1421 Oceanus
1840 1355 1892 1406 in

223 1453 277 1486 se
302 1436 448 1487 simul
471 1447 622 1502 atque
653 1437 705 1487 in
740 1439 1013 1488 Herculem
1038 1435 1231 1501 inquiri.
1304 1452 1422 1486 mox
1445 1453 1595 1488 nemo
1618 1437 1889 1502 temptavit,

223 1517 541 1583 sanctiusque
575 1536 635 1569 ac
673 1519 972 1570 reverentius
1007 1517 1169 1568 visum
1202 1517 1267 1568 de
1297 1516 1419 1568 actis
1451 1518 1660 1569 deorum
1691 1519 1893 1570 credere

142 1602 145 1604 ’
224 1615 375 1663 quam
400 1599 536 1650 scire.
1385 1602 1387 1604 ’

133 1685 199 1737 35
231 1695 234 1698 ’
293 1682 555 1733 Hactenus
591 1680 643 1732 in
680 1681 995 1733 occidentem
1034 1679 1355 1732 Germaniam
1393 1680 1622 1731 novimus
1638 1697 1654 1743 3
1698 1679 1750 1731 in
1787 1698 1893 1746 sep-

222 1761 519 1813 tentrionem
544 1761 731 1828 ingenti
755 1766 885 1814 flexu
909 1763 1047 1815 redit.
1121 1778 1180 1811 ac
1203 1761 1365 1825 primo
1388 1761 1554 1812 statim
1572 1763 1890 1813 Chaucorum

221 1859 356 1906 genS,
383 1861 687 1909 quamquam
712 1844 914 1909 incipiat
937 1861 968 1894 a
994 1843 1158 1894 Frisiis
1183 1858 1243 1891 ac
1271 1851 1459 1906 partem
1484 1841 1638 1893 litoris
1661 1852 1887 1908 occupet,

222 1924 447 1974 omnium
484 1942 609 1990 quas
641 1926 846 1990 exposui
881 1928 1104 1990 gentium
1138 1923 1372 1973 lateribus
1400 1922 1700 1985 obtenditur,
1725 1926 1890 1975 donec

175 2025 194 2054 2
221 2003 271 2054 in
332 2007 541 2057 Chattos
606 2025 765 2071 usque
823 2006 1055 2057 sinuetur.
1154 2014 1255 2055 tam
1314 2003 1597 2055 inmensum
1654 2014 1888 2057 terrarum

221 2086 434 2150 spatium
461 2105 562 2138 non
588 2097 759 2138 tenent
784 2097 976 2138 tantum
1007 2088 1198 2139 Chauci
1233 2089 1321 2138 sed
1354 2095 1403 2136 et
1428 2085 1648 2151 implent,
1676 2090 1888 2153 populus

222 2165 347 2217 inter
394 2171 670 2220 Germanos
713 2169 1050 2220 nobilissimus
1089 2169 1275 2235 quique
1318 2169 1709 2233 magnitudinem
1746 2186 1887 2220 suam

171 2267 194 2306 3
222 2247 358 2297 malit
387 2249 570 2300 iustitia
602 2250 739 2300 tueri.
814 2250 921 2300 sine
954 2250 1238 2314 cupiditate,
1265 2250 1373 2302 sine
1411 2251 1699 2315 inpotentia,
1732 2251 1887 2316 quieti

219 2330 493 2394 secretique
531 2334 666 2381 nulla
703 2341 974 2396 provocant
1012 2332 1154 2393 bella,
1182 2332 1329 2382 nullis
1367 2331 1587 2396 raptibus
1623 2341 1709 2382 aut
1745 2333 1886 2384 latro-

170 2425 195 2465 4
219 2409 360 2459 ciniis
396 2414 706 2476 populantur.
782 2413 834 2464 id
871 2413 1190 2478 praecipuum
1222 2414 1412 2464 virtutis
1448 2430 1508 2463 ac
1544 2412 1718 2463 virium
1748 2429 1886 2478 argu·

219 2500 441 2541 mentum
483 2503 571 2554 est,
613 2495 766 2558 quod,
808 2504 863 2545 ut
905 2494 1180 2559 superiores
1217 2504 1378 2560 agant,
1418 2510 1521 2544 non
1559 2510 1646 2558 per
1684 2492 1885 2545 iniurias

216 2574 555 2637 adsequuntur
572 2593 587 2637 ,-
612 2586 841 2641 prompta
860 2587 1026 2626 tamen
1045 2563 1279 2627 omnibus
1301 2592 1438 2626 arma
1454 2592 1527 2637 ac,
1548 2574 1589 2625 si
1613 2592 1689 2625 res
1712 2585 1885 2640 poscat

248 2713 296 2763 ἢ
325 2703 572 2752 urgentibus
605 2705 684 2744 iam
705 2704 819 2745 AB:
859 2706 902 2745 in
934 2705 1180 2757 urgentibus
1202 2704 1278 2746 CD
1443 2759 1451 2767 .
1496 2715 1522 2755 5
1553 2701 1782 2755 Dulgubnii
1802 2702 1883 2747 Iac.

218 2752 409 2795 Gnmm:
439 2757 654 2809 dulgibini,
674 2759 935 2810 dulgitubini‚
953 2763 1031 2801 διο.
1046 2759 1154 2801 codd.
1245 2758 1452 2799 chasuarii
1472 2756 1609 2821 HMs
1624 2771 1638 2820 ².
1663 2757 1879 2810 thasuarii,

215 2810 403 2873 tasuarii,
439 2812 666 2875 chasudrii‚
704 2815 935 2855 occasuarii
966 2818 1044 2855 cett.
1090 2868 1098 2877 .
1217 2827 1240 2864 7
1270 2814 1359 2854 frisi
1394 2812 1500 2853 CH:
1551 2812 1663 2906 sris?
1695 2811 1888 2906 gffCH

213 2875 268 2958 ἐξ
297 2865 633 2960 mmm
679 2934 726 2961 21
760 2879 1195 2962 obssffnissffi'fflffs
1214 2867 1323 2960 '¹22
1353 2879 1613 2961 „am¹?4¹1‘31⁰.⁶
1645 2873 1884 2964 “term

213 2984 295 3013 om.
320 2972 365 3011 D
535 2987 588 3024 23
617 2980 660 3014 et
680 2988 760 3014 om.
790 2975 875 3017 Vat.
900 2978 1006 3027 2964
1027 2981 1065 3015 et
1080 2974 1348 3015 Anm'nensis
1517 2987 1568 3025 24
1597 2986 1716 3016 suam
1735 2988 1817 3016 om.
1838 2974 1884 3015 D

214 3037 266 3077 25
299 3027 444 3068 maluit
464 3028 506 3067 A
528 3042 537 3068 :
568 3028 715 3070 malint
734 3027 777 3068 Β
939 3042 990 3080 27
1020 3029 1087 3083 ac]
1110 3033 1154 3070 et
1172 3028 1216 3068 B

1919 642 1943 683 5

1919 1047 1967 1076 10

1916 1455 1964 1498 ¹5

1912 1862 1965 1892 20

1910 2269 1958 2312 ²5
