2138 3470
621 176 979 226 DIALOGUS
1018 176 1111 223 DE
1150 175 1604 224 ORATORIBUS

278 324 378 367 tate
400 333 503 366 non
534 315 661 376 dico,
690 315 770 365 cui
802 314 926 380 parti
959 314 1162 364 minime
1187 323 1357 364 contra
1386 313 1630 364 dicturum
1658 316 1940 364 Maternum

277 413 443 447 meum
466 395 683 447 arbitror.

345 479 426 527 Ad
444 479 752 541 >voluptatem
776 477 1015 528 oratoriae
1040 476 1350 542 eloquentiae
1374 485 1580 538 transeo,
1608 476 1747 526 cuius
1771 475 1940 525 iucun-
1962 481 1997 527 6

277 558 404 608 ditas
433 575 534 607 non
566 575 668 607 uno
699 558 867 622 aliquo
899 568 1168 618 momento,
1198 559 1287 607 sed
1321 557 1553 608 omnibus
1584 573 1738 621 prope
1762 556 1939 606 diebus

230 651 252 691 5
275 657 334 689 ac
379 657 542 704 prope.
591 639 824 689 omnibus
870 639 1003 688 horis
1050 638 1302 702 contingit.
1389 637 1510 701 quid
1557 637 1689 687 enim
1747 637 1940 687 dulcius
1968 656 1986 681 2

276 719 430 769 libero
471 729 521 769 et
560 719 776 783 ingenuo
815 720 983 769 animo
1029 729 1079 769 et
1123 721 1189 769 ad
1235 721 1510 782 voluptates
1550 720 1782 767 honestas
1823 727 1941 767 nato

277 817 426 864 quam
461 800 627 850 videre
661 803 859 865 plenam
896 817 1090 864 semper
1126 810 1175 850 et
1212 802 1518 863 frequentem
1557 801 1763 848 domum
1801 816 1940 848 suam

277 898 520 930 concursu
567 882 1076 946 splendidissimorum
1123 880 1423 930 hominum?
1479 880 1630 944 idque
1670 880 1793 929 scire
1838 897 1941 928 non

278 962 529 1026 pecuniae,
570 979 672 1011 non
707 963 915 1023 orbitati,
954 980 1056 1012 non
1092 962 1240 1011 officii
1274 961 1478 1011 alicuius
1514 960 1936 1021 administrationi,

206 1059 255 1087 10
279 1045 366 1092 sed
399 1043 492 1092 sibi
524 1042 617 1106 ipsi
652 1043 794 1092 dari?
828 1035 961 1107 ipsos
986 1043 1108 1106 quin
1140 1042 1295 1091 immo
1323 1043 1470 1090 orbos
1503 1050 1553 1090 et
1585 1043 1855 1105 locupletes
1891 1050 1940 1090 et
1996 1036 1999 1038 ’

277 1123 491 1187 potentis
519 1123 686 1173 venire
717 1116 1007 1188 plerumque
1036 1126 1101 1173 ad
1130 1123 1359 1172 iuvenem
1392 1132 1440 1172 et
1471 1140 1750 1187 pauperem,
1778 1132 1832 1171 ut
1854 1132 1940 1171 aut

278 1220 366 1253 sua
401 1212 487 1252 aut
523 1204 795 1253 amicorum
834 1204 1118 1254 discrimina
1158 1205 1523 1252 commendent.
1597 1205 1761 1252 ullane
1806 1213 1941 1252 tanta
1967 1218 1989 1256 3

277 1283 549 1348 ingentium
573 1301 727 1349 opum
761 1302 821 1335 ac
856 1302 1064 1348 magnae
1095 1284 1345 1350 potentiae
1369 1286 1594 1348 voluptas
1626 1301 1775 1347 quam
1808 1300 1942 1348 spec-

277 1374 379 1414 tare
402 1365 628 1414 homines
652 1375 840 1414 veteres
864 1375 914 1415 et
946 1383 1088 1415 senes
1117 1375 1167 1415 et
1198 1365 1347 1414 totius
1377 1365 1507 1414 orbis
1532 1365 1683 1428 gratia
1706 1365 1941 1415 subnixos

209 1464 253 1505 15
277 1445 328 1494 in
364 1463 558 1495 summa
591 1463 752 1495 rerum
788 1446 1012 1495 omnium
1047 1445 1352 1496 abundantia
1387 1445 1678 1506 confitentis,
1717 1445 1769 1495 id
1805 1448 1942 1510 quod

279 1526 522 1590 optimum
554 1526 616 1576 sit
647 1543 700 1577 se
728 1543 831 1576 non
863 1528 1082 1577 habere?
1116 1526 1215 1576 iam
1239 1543 1354 1576 vero
1379 1526 1464 1590 qui
1493 1535 1770 1590 togatorum
1794 1526 1943 1575 comi-
1962 1542 1990 1579 4

279 1616 407 1656 tatus
431 1616 481 1657 et
504 1624 724 1672 egressus
748 1611 757 1657 ἔ
793 1625 922 1671 quae
956 1608 1008 1657 in
1036 1608 1239 1673 publico
1269 1607 1456 1671 species
1477 1611 1486 1656 l
1523 1624 1650 1671 quae
1674 1606 1725 1655 in
1750 1606 1941 1656 iudiciis

279 1687 554 1738 veneratio!
596 1690 734 1752 quod
771 1688 894 1738 illud
931 1689 1167 1753 gaudium
1206 1686 1535 1751 consurgendi
1573 1686 1942 1751 adsistendique

278 1768 403 1819 inter
425 1769 632 1819 tacentis
667 1778 716 1819 et
747 1769 799 1818 in
834 1787 991 1819 unum
1025 1772 1318 1819 conversos!
1355 1768 1485 1817 coire
1511 1769 1751 1831 populum
1781 1777 1829 1817 et
1857 1767 1943 1817 cir-

204 1870 256 1898 20
279 1851 536 1900 cumfundi
560 1868 726 1900 coram
758 1860 808 1901 et
838 1851 1063 1915 accipere
1093 1852 1356 1910 adfectum,
1386 1866 1752 1912 quemcumque
1781 1858 1943 1898 orator

278 1929 522 1980 induerit!
558 1933 753 1994 vulgata
784 1931 1056 1981 dicentium
1084 1931 1265 1995 gaudia
1300 1940 1348 1980 et
1380 1930 1716 1995 imperitorum
1742 1946 1941 1993 quoque
1964 1944 1985 1984 5

277 2011 431 2062 oculis
479 2012 698 2076 exposita
743 2030 1041 2076 percenseo:
1091 2012 1174 2062 illa
1213 2011 1472 2062 secretiora
1511 2021 1559 2061 et
1598 2020 1789 2060 tantum
1824 2010 1940 2074 ipsis

277 2093 528 2143 orantibus
553 2103 671 2143 nota
694 2094 880 2143 maiora
908 2103 1034 2143 sunt.
1108 2094 1210 2143 sive
1238 2103 1516 2143 accuratam
1553 2091 1940 2155 meditatamque

277 2177 458 2238 profert
497 2175 783 2235 orationem,
822 2184 896 2224 est
936 2176 1193 2238 quoddam
1234 2174 1359 2223 sicut
1397 2174 1548 2238 ipsius
1587 2172 1828 2232 dictionis,
1874 2172 1941 2221 ita

205 2270 251 2310 25
276 2254 442 2317 gaudii
465 2257 662 2318 pondus
687 2264 736 2304 et
760 2255 1036 2304 constantia
1053 2273 1067 2316 ς
1102 2255 1204 2304 sive
1227 2272 1407 2303 novam
1433 2263 1481 2303 et
1505 2263 1752 2303 recentem
1772 2270 1939 2302 curam

277 2351 379 2383 non
403 2335 508 2384 sine
539 2336 704 2398 aliqua
727 2335 1053 2399 trepidatione
1083 2335 1236 2385 animi
1267 2335 1493 2395 attulerit,
1522 2334 1628 2399 ipsa
1659 2334 1938 2383 sollicitudo

278 2417 595 2464 commendat
630 2425 861 2464 eventum
897 2425 946 2465 et
981 2416 1287 2465 lenocinatur
1321 2413 1573 2478 voluptati.
1647 2416 1735 2464 sed
1760 2423 1939 2463 extem-
1961 2419 1985 2458 6

277 2496 454 2559 poralis
478 2496 714 2545 audaciae
737 2505 886 2559 atque
909 2495 1062 2559 ipsius
1081 2495 1365 2544 temeritatis
1384 2497 1461 2543 vel
1485 2495 1747 2558 praecipua
1770 2494 1938 2543 iucun-

279 2575 403 2624 ditas
428 2585 501 2625 est
522 2593 536 2636 3
571 2593 685 2624 nam
710 2576 761 2624 in
786 2575 983 2639 ingenio
1009 2592 1222 2639 quoque,
1251 2575 1376 2624 sicut
1400 2574 1452 2623 in
1476 2592 1605 2638 agro,
1634 2591 1934 2638 quamquam

205 2671 256 2709 30
277 2656 402 2707 ’talia
439 2655 524 2706 diu
562 2666 782 2705 serantur
815 2666 964 2720 atque
1003 2656 1325 2716 elaborentur‚
1365 2655 1572 2719 gratiora
1607 2664 1772 2704 tamen
1809 2671 1935 2717 quae

278 2745 566 2799 suasponte
590 2745 869 2785 nascuntur.
1721 2735 1723 2737 ’

329 2877 358 2914 9
386 2865 737 2905 administrationi
757 2865 825 2906 B:
854 2866 1228 2906 administrationis
1248 2870 1328 2906 cett.
1503 2878 1552 2905 10
1580 2867 1695 2916 ipsos
1714 2865 1755 2905 E
1771 2881 1780 2906 :
1814 2866 1933 2914 istos,

278 2917 372 2958 illos
391 2923 472 2960 cett.
606 2921 655 2959 18
684 2921 785 2959 illud
806 2921 846 2959 E
851 2919 892 2958 V
900 2935 908 2959 ε
946 2921 987 2960 id
1012 2925 1093 2960 cett.
1114 2934 1123 2958 ε
1154 2920 1237 2959 secl.
1264 2919 1368 2959 Gud.
1500 2922 1555 2959 26
1583 2921 1711 2959 animi
1733 2919 1934 2959 Pt'cltena:

210 3001 213 3005 >
277 2973 441 3012 animus
461 2971 568 3015 codd.
706 2987 760 3023 29
788 2975 830 3013 in
852 2973 947 3014 add.
968 2974 1047 3015 B2:
1079 2987 1159 3013 om.
1177 2978 1257 3014 cett.
1400 2987 1453 3024 30
1481 2974 1560 3013 alia
1581 2987 1661 3014 om.
1685 2973 1785 3013 CD:
1815 2980 1934 3024 grata

278 3039 386 3077 quae
405 3026 592 3066 Peterson
611 3042 620 3067 ε
649 3041 760 3077 quae
783 3028 902 3081 [alia]
925 3034 1125 3067 seruntur
1143 3035 1271 3079 atque
1292 3028 1564 3068 elaborantur
1582 3034 1700 3078 grata
1725 3027 1828 3068 Gud.
