2138 3470
905 171 1270 220 AGRICOLA

249 307 331 358 hic
370 307 564 358 interim
606 308 728 359 liber
768 308 945 359 honori
986 308 1245 373 Agricolae
1285 310 1442 360 soceri
1483 311 1581 360 mei
1622 313 1906 376 destinatuS,

247 389 551 454 professione
574 389 768 454 pietatis
791 399 876 440 aut
900 391 1127 441 laudatus
1152 390 1349 441 erit-aut
1373 401 1643 442 excusatus

316 471 517 520 Gnaeus
543 471 698 521 Iulius
728 471 969 535 Agricola,
996 480 1160 522 vetere
1192 481 1241 523 et
1275 472 1466 522 inlustri
1499 473 1910 524 Foroiuliensium
1930 484 1964 532 4

248 550 445 601 colonia
495 560 643 613 ortuS,
699 561 964 618 utrumque
1014 570 1164 603 avum
1222 563 1590 618 procuratorem
1643 556 1910 606 Caesarum

200 648 222 689 5
247 632 432 694 habuit,
464 649 594 697 quae
629 633 867 698 equestris
899 633 1131 684 nobilitas
1160 644 1246 684 est.
1319 644 1457 698 pater
1488 634 1558 684 illi
1584 635 1739 685 Iulius
1765 638 1912 686 Grae-

246 712 387 764 cinus
438 713 670 763 scnatorii
722 714 920 775 ordinis,
972 704 1137 764 studio
1184 715 1498 779 eloquentiae
1543 711 1912 781 sapientiaeque

245 803 405 856 notus,
449 794 609 859 iisque
653 794 771 859 ipsis
810 795 1069 845 virtutibus
1109 796 1232 845 iram
1274 796 1368 846 Gai
1409 796 1632 847 Caesaris
1680 797 1909 848 meritus:

246 892 462 940 namque
486 878 558 925 M.
586 875 809 925 Silanum
831 893 1063 926 accusare
1086 876 1247 926 iussus
1272 886 1332 937 et,
1355 876 1472 941 quia
1494 878 1745 939 abnuerat,
1767 877 1910 928 inter-

246 957 404 1006 fectus
444 965 531 1006 est.
604 966 760 1006 mater
802 956 937 1005 Iulia'
958 956 1174 1024 'Procilla
1214 957 1317 1018 fuit,
1362 974 1497 1007 rarae
1537 958 1784 1008 castitatis.
1856 958 1908 1007 in
1934 979 1953 1005 2

175 1051 227 1081 10
247 1036 392 1086 huius
417 1037 528 1087 sinu
551 1035 957 1104 indulgentiaque
981 1038 1221 1087 educatus
1246 1054 1334 1102 per
1361 1054 1564 1088 omnem
1588 1041 1907 1089 honestarum

245 1117 422 1168 artium
445 1119 634 1167 cultum
658 1118 918 1182 pueritiam
940 1118 1431 1182 adulescentiamque
1461 1119 1707 1184 transegit.
1779 1137 1908 1169 arce·
1934 1134 1956 1172 3

244 1199 330 1248 bat
353 1215 468 1248 eum
486 1199 551 1248 ab
570 1197 829 1248 inlecebris
852 1198 1166 1262 peccantium
1190 1207 1382 1262 praeter
1404 1198 1558 1262 ipsius
1577 1201 1763 1250 bonam
1787 1201 1907 1250 inte-

243 1295 479 1344 gramque
496 1288 734 1340 naturam,
754 1280 891 1343 quod
910 1279 1075 1329 statim
1093 1281 1324 1343 parvulus
1348 1281 1519 1330 sedem
1542 1297 1603 1330 ac
1627 1281 1906 1346 magistram

245 1359 520 1410 studiorum
545 1359 819 1409 Massiliam
852 1359 1038 1420 habuit,
1065 1360 1232 1410 locum
1258 1351 1447 1410 Graeca
1472 1361 1705 1412 comitate
1728 1371 1777 1412 et
1800 1380 1907 1427 pro-

174 1455 221 1498 15
244 1440 439 1490 vinciali
462 1440 762 1504 parsimonia
785 1439 993 1490 mixtum
1015 1455 1076 1489 ac
1100 1440 1229 1489 bene
1253 1440 1597 1505 compositum.
1670 1444 1907 1494 memoria
1927 1462 1972 1500 4r

244 1529 392 1571 teneo
427 1520 627 1570 solitum
666 1520 829 1584 ipsum
863 1537 1058 1570 narrare
1092 1537 1146 1570 se
1174 1520 1332 1585 prima
1362 1520 1414 1570 in
1450 1521 1650 1572 iuventa
1686 1512 1928 1589 studium⁴

243 1600 587 1666 philosophiae
617 1600 788 1661 acriuS‚
816 1602 1042 1665 ultraque
1076 1618 1227 1665 quam
1264 1618 1556 1652 concessum
1582 1606 1815 1655 Romano
1846 1623 1906 1656 ac

243 1681 469 1743 senatori,
514 1681 749 1742 hausisse,
792 1681 846 1731 ni
891 1682 1155 1746 prudentia
1200 1682 1368 1733 matris
1414 1683 1672 1734 incensum
1718 1702 1778 1735 ac
1823 1689 1904 1737 fla-

240 1772 462 1828 grantem
496 1762 718 1812 animum
750 1762 1060 1813 coercuisset.
1133 1763 1318 1814 scilicet
1353 1764 1566 1815 sublime
1600 1774 1650 1815 et
1684 1775 1901 1817 erectum
1925 1787 1947 1825 5

171 1862 220 1892 20
241 1843 494 1908 ingenium
531 1842 951 1907 pulchritudinem
986 1860 1046 1893 ac
1080 1844 1298 1909 speciem
1337 1862 1545 1910 magnae
1582 1848 1902 1913 excelsaeque

239 1925 421 1990 gloriae
442 1924 784 1975 vehementius
816 1941 967 1989 quam
999 1933 1142 1975 caute
1173 1926 1452 1989 adpetebat.
1525 1942 1642 1976 mox
1665 1927 1901 1993 mitigavit

239 2006 362 2057 ratio
386 2014 436 2056 et
457 2015 606 2067 aetas,
625 2004 935 2070 retinuitque,
955 2007 1093 2070 quod
1118 2015 1191 2056 est
1209 2006 1566 2069 difficillimum,
1584 2024 1643 2057 ex
1661 2008 1900 2072 sapientia

240 2088 459 2137 modum.

307 2167 471 2217 Prima
488 2174 758 2218 castrorum
776 2166 1056 2217 rudimenta
1073 2167 1124 2216 in
1145 2167 1398 2232 Britannia
1416 2168 1654 2218 Suetonio
1674 2169 1894 2231 Paulin0‚
1921 2191 1952 2238 5

169 2267 217 2308 25
240 2245 461 2310 diligenti
484 2262 543 2295 ac
567 2247 824 2296 moderato
848 2246 976 2307 duci,
1004 2244 1308 2310 adprobavit,
1336 2249 1521 2296 electus
1550 2264 1699 2311 quem
1730 2258 1898 2298 contu-

239 2325 412 2375 bernio
452 2326 742 2375 aestimaret.
815 2343 909 2375 nec
946 2326 1175 2390 Agricola
1215 2326 1430 2387 licenter,
1469 2344 1606 2377 more
1646 2328 1893 2390 iuvenum,
1923 2350 1943 2376 2

237 2406 324 2470 qui
355 2405 579 2456 militiam
611 2406 663 2456 in
694 2406 944 2456 lasciviam
967 2416 1174 2467 vertunt,
1203 2425 1366 2471 neque
1398 2408 1608 2471 segniter
1635 2411 1700 2459 ad
1729 2412 1897 2474 volup-

238 2495 362 2536 tates
380 2496 443 2536 et
474 2496 780 2536 commeatus
812 2487 1008 2537 titulum
1032 2488 1308 2537 tribunatus
1333 2497 1386 2538 ,et
1412 2489 1656 2539 inscitiam
1679 2491 1862 2540 rettulit
1884 2510 1894 2540 ε

238 2569 327 2618 sed
361 2585 566 2618 noscere
600 2568 915 2632 provinciam,
955 2567 1095 2618 nosci
1129 2568 1373 2630 exercitui,
1415 2569 1604 2619 discere
1643 2587 1673 2620 a
1711 2571 1891 2634 peritiS,

167 2669 218 2708 30
238 2648 378 2713 sequi
403 2649 629 2713 optimos,
658 2649 779 2698 nihil
802 2651 1034 2713 adpetere
1062 2649 1113 2697 in
1142 2649 1469 2711 iactationem,
1497 2651 1619 2700 nihil
1643 2652 1709 2701 ob
1733 2652 1895 2702 formi-

238 2728 406 2778 dinem
438 2746 661 2779 recusare
685 2729 930 2793 simulque
954 2737 1002 2778 et
1025 2729 1198 2779 anxius
1231 2738 1279 2779 et
1310 2730 1526 2781 intentus
1557 2748 1712 2795 agere.
1791 2750 1892 2782 non
1917 2754 1940 2791 3

292 2862 318 2899 4
347 2849 542 2889 Caesaris
571 2856 609 2889 A
812 2862 836 2900 5
868 2850 926 2888 illi
962 2848 1171 2899 Wbffz‘n:
1233 2850 1326 2889 Iulii
1355 2855 1412 2890 I':
1454 2851 1533 2891 Iuli
1561 2857 1626 2891 A:
1667 2866 1747 2892 om.
1775 2853 1889 2903 Lips.

242 2914 293 2941 10
320 2903 555 2943 honestatis
577 2909 614 2942 Δ
728 2916 776 2942 12
818 2902 935 2955 eum]
955 2909 1097 2943 tamen
1120 2910 1156 2942 Δ
1289 2906 1339 2943 16
1366 2905 1411 2943 in
1431 2918 1513 2947 om.
1535 2911 1572 2944 A
1686 2918 1734 2955 17
1764 2907 1891 2945 ultra-

206 2985 208 2989 .
237 2968 321 3004 que
359 2955 594 2997 Baehrens:
622 2957 732 2996 ultra
766 2957 874 2998 codd.
1006 2959 1055 2996 18
1083 2959 1298 2997 senatorio
1335 2958 1522 2997 Heraeus
1645 2972 1694 2998 21
1727 2960 1891 2999 cautius

239 3008 464 3060 Nipperdey
627 3024 679 3049 22
707 3024 789 3060 que
811 3024 892 3050 om.
917 3016 954 3048 A
1118 3013 1171 3050 28
1202 3012 1399 3051 iustitiam
1420 3019 1456 3051 A
