2138 3470
771 148 1116 199 CORNELII
1153 149 1397 200 TACITI

249 295 297 337 et
323 286 611 337 assiduitate
635 287 947 337 contubernii
972 304 1123 351 quam
1155 287 1371 338 Saleium
1397 291 1621 352 Bassum,
1648 306 1764 340 cum
1796 288 1919 355 opti-

249 386 388 419 mum
416 369 574 419 virum
609 378 716 419 tum
750 368 1172 419 absolutissimum
1205 372 1441 434 poetam?
1475 387 1622 435 porro
1654 371 1695 421 si
1722 371 1919 437 poetica

245 459 516 511 accusatur,
544 467 647 499 non
671 450 822 500 alium
845 450 992 500 video
1016 467 1156 500 reum
1179 450 1585 515 locupletiorem!

198 542 221 581 3
320 534 556 581 ‘Securus
589 531 651 581 sit
669 533 680 555 '
715 531 876 595 inquit
907 534 1042 596 Aper
1070 535 1149 581 ‘et
1178 531 1366 581 Saleius
1392 535 1574 583 Bassus
1609 542 1658 584 et
1694 533 1916 598 quisquis

246 613 370 664 alius
412 613 631 662 studium
677 612 902 677 poeticae
949 623 999 663 et
1045 613 1319 663 carminum
1360 614 1565 677 gloriam
1605 616 1750 676 fovet,
1801 632 1916 665 cum
1939 632 1961 672 5

247 711 419 745 causas
443 711 586 758 agere
617 711 719 744 non
751 694 918 759 possit.
992 711 1085 758 ego
1118 694 1264 755 enim,
1292 703 1536 758 quatenus
1559 695 1796 745 arbitrum
1819 695 1916 745 litis

246 776 392 826 huius
427 776 674 837 †inveniri,
703 793 806 826 non
830 775 986 841 patiar
1016 779 1302 826 Maternum
1327 776 1562 826 societate
1590 776 1802 841 plurium
1835 778 1919 826 de-

245 857 394 919 fendi,
423 859 512 908 sed
544 857 706 922 ipsum
740 860 901 907 solum
937 859 1073 921 apud
1103 862 1220 910 ’teos
1255 874 1470 921 arguam,
1499 859 1637 922 quod
1672 867 1816 908 natus
1851 859 1917 908 ad

245 939 579 1004 eloquentiam
604 938 791 991 virilem
825 948 873 989 et
902 938 1176 1000 oratoriam,
1206 956 1305 1003 qua
1335 955 1505 1003 parere
1534 939 1680 988 simul
1712 949 1762 989 et
1792 939 1917 990 tueri

244 1021 495 1081 amicitias,
545 1019 819 1070 adsciscere
877 1019 1279 1080 necessitudines,
1331 1020 1595 1084 complecti
1641 1019 1916 1084 provincias
1941 1038 1991 1068 10

244 1096 411 1166 possit,
432 1101 612 1151 omittit
632 1101 864 1162 studium,
894 1119 994 1166 quo
1013 1118 1115 1150 non
1131 1101 1267 1150 aliud
1286 1100 1337 1149 in
1355 1101 1551 1150 civitate
1575 1111 1741 1150 nostra
1755 1104 1832 1151 vel
1849 1103 1916 1152 ad

244 1183 504 1232 utilitatem
530 1183 824 1233 fructuosius
849 1185 929 1233 vel
945 1185 1016 1232 ad
1033 1185 1325 1246 voluptatem
1355 1185 1541 1232 dulcius
1564 1185 1641 1232 vel
1672 1184 1738 1232 ad
1762 1183 1916 1247 digni-

244 1273 395 1314 tatem
431 1264 641 1329 amplius
673 1266 750 1313 vel
783 1266 848 1314 ad
881 1263 1015 1314 urbis
1048 1266 1232 1314 famam
1269 1263 1519 1328 pulchrius
1551 1265 1628 1313 vel
1662 1265 1729 1313 ad
1764 1263 1914 1314 totius

241 1344 433 1409 imperii
470 1355 620 1409 atque
658 1345 882 1394 omnium
921 1345 1142 1408 gentium
1182 1345 1409 1395 notitiam
1444 1344 1694 1394 inlustrius
1727 1345 1916 1410 excogi-

190 1442 216 1481 4
242 1426 330 1475 tari
350 1435 524 1490 potest.
587 1442 703 1475 nam
722 1425 762 1475 si
780 1428 845 1475 ad
864 1426 1123 1476 utilitatem
1138 1426 1267 1476 vitae
1282 1425 1450 1476 omnia
1464 1426 1670 1476 consilia
1686 1428 1915 1491 factaque
1939 1445 1988 1486 15

243 1516 408 1556 nostra
443 1506 710 1571 derigenda
743 1516 869 1568 sunt,
910 1507 1031 1571 quid
1060 1516 1134 1557 est
1169 1507 1322 1557 tutius
1358 1524 1508 1571 quam
1544 1524 1655 1557 eam
1691 1524 1915 1558 exercere

240 1597 408 1649 artem,
470 1605 568 1652 qua
627 1605 821 1653 semper
879 1598 1095 1638 armatus
1158 1588 1458 1653 praesidium
1518 1588 1704 1649 amiciS‚
1765 1605 1914 1653 opem

239 1669 423 1730 alienis,
453 1672 660 1719 salutem
697 1669 1099 1734 periclitantibus,
1126 1669 1305 1719 invidis
1334 1686 1449 1719 vero
1485 1678 1534 1719 et
1568 1668 1781 1719 inimicis
1817 1686 1916 1719 me-

239 1759 346 1799 tum
383 1760 431 1800 et
467 1760 699 1801 terrorem
733 1753 862 1801 ultro
890 1753 1028 1812 feraS,
1057 1751 1163 1815 ipse
1201 1763 1402 1800 securus
1441 1759 1489 1800 et
1526 1752 1661 1800 velut
1695 1751 1913 1814 quadam

191 1853 213 1892 5
241 1841 477 1895 perpetua
503 1831 724 1896 potentia
749 1849 808 1881 ac
832 1840 1077 1896 potestate
1104 1831 1360 1881 munitus?
1396 1830 1536 1881 cuius
1560 1830 1632 1881 vis
1658 1839 1707 1880 et
1731 1830 1912 1880 utilitas
1937 1853 1989 1881 20

240 1914 385 1962 rebus
411 1930 642 1977 prospere
668 1913 933 1962 fluentibus
967 1913 1174 1963 aliorum
1208 1912 1430 1977 perfugio
1463 1921 1511 1962 et
1541 1914 1694 1961 tutela
1728 1911 1914 1962 intelle-

239 1994 396 2057 gitur:
435 1994 510 2042 sin
536 1994 787 2058 proprium
814 1993 1086 2058 periculum
1120 1994 1375 2059 increpuit,
1404 2010 1507 2043 non
1540 1994 1740 2043 hercule
1763 1993 1913 2044 lorica

240 2084 287 2124 et
311 2074 501 2138 gladius
535 2074 585 2122 in
619 2074 724 2124 acie
750 2074 935 2123 firmius
962 2075 1326 2125 munimentum
1352 2091 1502 2139 quam
1536 2091 1620 2124 reo
1650 2083 1699 2124 et
1727 2073 1914 2138 pericli-

238 2156 361 2206 tanti
386 2155 679 2219 eloquentia,
709 2156 1006 2219 praesidium
1032 2156 1176 2206 simul
1201 2174 1259 2206 ac
1284 2159 1450 2217 telum,
1479 2173 1579 2220 quo
1603 2171 1913 2220 propugnare

239 2237 416 2302 pariter
448 2246 496 2287 et
525 2237 767 2287 incessere
804 2237 904 2287 sive
933 2238 984 2287 in
1017 2238 1202 2288 iudicio
1235 2238 1336 2288 sive
1360 2238 1411 2286 in
1437 2246 1610 2287 senatu
1643 2236 1744 2287 sive
1775 2237 1910 2301 apud
1934 2253 1983 2293 25

191 2334 215 2374 6
238 2319 510 2383 principem
535 2318 706 2382 possiS.
781 2318 902 2383 quid
926 2319 1061 2370 aliud
1087 2319 1274 2370 infestis
1305 2319 1524 2384 patribus
1549 2334 1706 2382 nuper
1731 2316 1910 2382 Eprius

241 2401 504 2448 Marcellus
530 2416 679 2463 quam
706 2401 1039 2464 eloquentiam
1067 2419 1206 2451 suam
1233 2400 1505 2467 opposuit?
1539 2416 1637 2463 qua
1659 2398 1910 2448 accinctus

238 2489 286 2529 et
328 2480 492 2529 minax
527 2479 758 2530 disertam
798 2483 1014 2546 quidem,
1045 2486 1132 2533 sed
1159 2482 1524 2532 inexercitatam
1561 2489 1609 2529 et
1639 2479 1743 2529 eius
1773 2478 1910 2528 modi

238 2561 559 2611 certaminum
581 2563 754 2612 rudem
776 2564 996 2614 Helvidii
1014 2564 1303 2628 sapientiam
1324 2562 1479 2612 elusit.
1542 2563 1680 2625 plura
1704 2561 1768 2609 de
1786 2558 1910 2608 utili-

296 2690 322 2725 6
350 2700 431 2737 ego
451 2686 665 2727 Pithoeus:
698 2692 740 2724 et
761 2699 842 2736 ego
860 2685 969 2726 codd.
1142 2700 1163 2736 7
1195 2686 1334 2725 inveni
1356 2685 1574 2724 Pithoeus:
1606 2685 1785 2725 inveniri
1808 2698 1907 2724 con-

242 2741 336 2791 tigit
356 2742 546 2780 Peterson
568 2755 577 2780 z
609 2753 694 2780 non
717 2741 859 2779 inveni
884 2738 989 2780 Gud.
1009 2754 1017 2781 :
1050 2741 1229 2779 inveniri
1251 2753 1335 2779 non
1359 2745 1460 2790 puto
1480 2738 1596 2778 And.
1727 2739 1907 2790 plurium

241 2795 433 2835 Pithoeus
452 2809 459 2833 :
502 2795 725 2845 plurimum
746 2793 856 2834 codd.
1025 2796 1051 2833 8
1081 2807 1155 2833 vos
1177 2794 1289 2848 Lips.
1311 2808 1320 2835 ε
1351 2807 1429 2843 nos
1444 2793 1560 2842 John
1578 2807 1587 2831 :
1619 2794 1698 2832 hos
1717 2793 1906 2833 Peterson

247 2862 289 2887 11
315 2850 470 2888 omittit
491 2849 621 2888 Rhen.
643 2863 650 2887 :
682 2849 813 2888 amitti
835 2847 945 2888 codd.
966 2862 975 2887 z
1006 2849 1159 2888 amittit
1178 2848 1277 2888 Put.
1417 2861 1465 2887 12
1492 2847 1556 2886 vel
1578 2847 1630 2887 ad
1650 2847 1906 2897 voluptatem

243 2903 405 2942 dulcius
428 2903 669 2954 <iucundius
682 2901 919 2954 Nipperdey)
942 2902 1036 2943 add.
1062 2902 1196 2943 Ritter
1289 2915 1338 2953 19
1366 2901 1477 2941 seras
1499 2902 1608 2953 Lips.
1627 2916 1635 2941 :
1668 2901 1774 2940 serat
1793 2901 1903 2941 codd.

243 2970 294 2996 22
325 2958 452 2996 lorica
471 2962 513 2995 et
533 2955 705 2996 Seebode
723 2970 730 2994 :
762 2957 917 2995 loricae
938 2956 1047 2996 codd.
1178 2970 1229 3007 25
1259 2958 1349 2996 sive
1371 2956 1483 3006 (ante
1502 2954 1543 2994 in
1565 2954 1668 3006 iud.)
1689 2954 1903 2994 Muretus:

241 3011 308 3049 vcl
330 3010 438 3051 codd.
527 3010 591 3049 vel
616 3011 657 3049 in
679 3016 827 3050 senatu
849 3010 1069 3062 Nipperdey
1179 3025 1228 3061 27
1258 3024 1340 3061 qua
1365 3010 1563 3049 Ursinus:
1596 3010 1665 3058 qui
1687 3009 1795 3048 codd.
