2138 3470
859 172 1224 232 AGRICOLA

212 309 485 374 Hispaniae
521 310 817 370 obtenditur,
846 310 999 360 Gallis
1031 310 1082 359 in
1118 310 1374 361 meridiem
1402 311 1550 361 etiam
1579 311 1833 375 inspicitur
1852 331 1867 373 5

209 390 606 454 septentrionalia
640 390 757 450 eius,
785 390 930 440 nullis
965 401 1135 441 contra
1170 391 1318 452 terris,
1345 401 1484 442 vasto
1515 401 1665 456 atque
1697 401 1867 455 aperto

209 470 330 520 mari
364 473 631 534 pulsantur.
704 473 911 520 formam
947 472 1095 521 totius
1122 472 1402 522 Britanniae
1427 472 1594 521 Livius
1629 481 1862 531 veterum,
1895 488 1917 525 3

210 551 390 600 Fabius
412 551 646 600 Rusticus
664 551 935 601 recentium
959 552 1347 617 eloquentissimi
1369 562 1594 602 auctores
1619 553 1864 616 oblongae

161 654 184 694 5
208 633 429 682 scutulae
465 633 543 681 vel
583 631 788 695 bipenni
827 632 1194 682 adsimulavere.
1267 642 1316 682 et
1353 642 1427 682 est
1468 649 1526 681 ea
1562 631 1710 681 facies
1745 631 1865 681 citra
1894 645 1920 684 4

209 713 548 774 Caledoniam,
587 715 721 762 unde
756 722 806 763 et
839 713 890 762 in
925 713 1204 763 universum
1239 716 1370 762 fama
1386 731 1400 774 ς
1445 714 1534 762 sed
1559 711 1866 776 transgressis

208 794 491 844 inmensum
526 804 577 845 et
611 812 812 845 enorme
846 796 1058 860 spatium
1095 795 1484 860 procurrentium
1523 804 1739 845 extremo
1767 795 1867 844 iam

209 875 351 926 litore
374 885 607 925 terrarum
631 878 765 925 velut
788 868 839 925 in
863 894 1077 926 cuneum
1100 885 1339 926 tenuatur.
1398 878 1526 925 hanc
1550 893 1687 925 oram
1710 876 1869 925 novis·
1898 889 1920 928 5

209 955 321 1005 simi
345 956 490 1006 maris
514 966 633 1006 tunc
650 957 862 1021 primum
883 960 1111 1006 Romana
1129 957 1294 1006 classis
1313 957 1639 1006 circumvecta
1656 956 1867 1006 insulam

138 1055 187 1084 10
210 1053 318 1086 esse
338 1036 642 1086 Britanniam
659 1027 1025 1098 adfirmavit‚ac
1044 1037 1188 1086 simul
1212 1037 1484 1101 incognitas
1508 1039 1574 1087 ad
1597 1036 1649 1087 id
1673 1046 1868 1101 tempus

209 1116 406 1177 insulas,
434 1134 556 1181 quas
582 1119 801 1168 Orcadas
833 1108 1024 1178 vocant,
1051 1117 1238 1167 invenit
1273 1117 1576 1181 domuitque.
1649 1117 1870 1181 dispecta
1899 1124 1925 1164 6

209 1206 285 1248 est
308 1206 358 1247 et
380 1199 552 1260 Thyle,
571 1197 687 1261 quia
704 1200 941 1247 hactenus
960 1198 1176 1247 iussum:
1209 1207 1258 1247 et
1276 1198 1433 1247 hiems
1452 1198 1730 1261 adpetebat.
1781 1199 1869 1247 sed

211 1294 346 1328 mare
375 1278 568 1343 pigrum
600 1287 649 1327 et
675 1295 819 1342 grave
842 1279 1191 1342 remigantibus
1215 1278 1476 1343 perhibent
1499 1295 1563 1328 ne
1586 1277 1743 1327 ventis
1767 1278 1870 1341 qui-

211 1359 328 1408 dem
358 1357 564 1422 perinde
593 1358 762 1418 attolli,
795 1361 945 1408 credo
976 1361 1112 1423 quod
1144 1359 1345 1409 rariores
1375 1369 1529 1408 terrae
1561 1368 1867 1422 montesque,

141 1458 188 1499 15
213 1456 362 1488 causa
395 1456 454 1488 ac
490 1439 691 1488 materia
723 1448 1083 1504 tempestatum,
1112 1449 1161 1489 et
1189 1442 1435 1503 profunda
1462 1442 1618 1489 moles
1650 1438 1873 1489 continui

213 1519 359 1569 maris
411 1519 596 1569 tardius
648 1519 921 1583 impellitur.
1007 1529 1232 1569 naturam
1280 1520 1470 1570 Oceani
1515 1529 1664 1584 atque
1709 1529 1873 1569 aestus
1904 1527 1926 1571 7

213 1617 376 1663 neque
408 1616 639 1663 quaerere
668 1599 812 1648 huius
842 1600 1001 1664 operis
1036 1610 1121 1660 est,
1154 1617 1212 1649 ac
1248 1600 1390 1649 multi
1418 1602 1676 1649 rettulere:
1718 1617 1873 1649 unum

212 1680 500 1741 addiderim,
524 1697 768 1744 nusquam
786 1681 929 1730 latius
950 1681 1193 1731 dominari
1211 1698 1357 1741 mare,
1380 1683 1590 1730 multum
1614 1680 1874 1730 fluminum

213 1762 311 1810 huc
342 1770 491 1824 atque
526 1760 641 1810 illuc
669 1763 802 1821 ferre,
833 1778 924 1810 nec
957 1762 1097 1811 litore
1130 1771 1273 1811 tenus
1304 1763 1588 1811 adcrescere
1611 1770 1696 1811 aut
1727 1777 1876 1811 resor—

141 1862 192 1891 κο
213 1840 330 1901 beri,
368 1842 457 1890 sed
489 1841 692 1891 influere
727 1841 921 1905 penitus
957 1851 1106 1906 atque
1140 1842 1340 1902 ambire,
1381 1851 1430 1892 et
1470 1842 1594 1906 iugis
1629 1841 1776 1891 etiam
1816 1858 1875 1891 ac

214 1920 466 1971 montibus
500 1921 646 1971 inseri
680 1923 812 1971 velut
846 1922 897 1971 in
933 1939 1035 1972 suo.

282 2003 515 2052 Ceterum
563 2001 866 2051 Britanniam
914 2003 999 2066 qui
1047 2006 1276 2052 mortales
1324 2002 1463 2052 initio
1510 2001 1761 2061 coluerint,
1806 2001 1874 2050 in·
1898 2016 1943 2050 11

215 2081 422 2147 digenae
462 2100 526 2132 an
563 2083 768 2143 advecti,
809 2092 863 2133 ut
898 2083 1023 2134 inter
1060 2085 1293 2133 barbaros
1336 2101 1508 2148 parum
1550 2091 1869 2147 compertum.

214 2164 412 2213 habitus
450 2181 710 2228 corporum
748 2165 866 2214 varii
903 2174 1052 2229 atque
1091 2183 1150 2215 ex
1191 2181 1252 2214 eo
1289 2172 1587 2229 argumenta.
1661 2180 1876 2227 namque
1903 2182 1922 2208 2

144 2267 190 2308 ²5
216 2244 388 2294 rutilae
426 2245 751 2295 Caledoniam
794 2245 1121 2295 habitantium
1162 2261 1346 2305 comae,
1388 2245 1553 2308 magni
1593 2252 1724 2293 artus
1762 2245 1878 2292 Ger-

217 2325 461 2374 manicam
486 2325 723 2390 originem
747 2328 1036 2376 adseverant
1058 2344 1071 2387 ,·
1109 2325 1320 2375 Silurum
1348 2324 1550 2374 colorati
1568 2326 1743 2383 vultus,
1766 2322 1878 2372 torti

216 2408 506 2470 plerumque
529 2407 686 2457 crines
715 2416 763 2457 et
792 2407 951 2472 posita
981 2416 1150 2456 contra
1177 2405 1422 2470 Hispania
1450 2405 1666 2454 Hiberos
1691 2412 1877 2453 veteres

217 2486 462 2536 traiecisse
499 2505 681 2552 easque
719 2489 861 2537 sedes
900 2504 1168 2551 occupasse
1211 2488 1362 2536 fidem
1403 2485 1588 2535 faciunt
1605 2503 1618 2545 ,-
1671 2482 1877 2548 proximi

218 2567 370 2617 Gallis
407 2577 456 2618 et
490 2568 672 2618 similes
708 2577 834 2628 sunt,
863 2585 949 2618 seu
985 2569 1193 2617 durante
1230 2566 1427 2631 originis
1464 2566 1524 2626 vi,
1562 2582 1648 2614 seu
1685 2581 1877 2628 procur-

277 2708 294 2734 1
328 2696 453 2736 etiam
473 2695 572 2736 Put.
594 2711 603 2736 ε
632 2701 675 2735 et
694 2694 804 2735 codd.
963 2706 991 2745 5
1018 2693 1219 2744 scupulae
1241 2699 1277 2732 Δ
1435 2695 1462 2732 6
1492 2700 1536 2733 et
1555 2693 1799 2732 universum
1820 2695 1848 2729 Γ
1868 2706 1877 2731 :

219 2755 263 2787 et
283 2750 492 2789 universis
530 2755 593 2788 pm
717 2750 793 2789 sed
832 2747 1111 2798 transgressis
1150 2746 1383 2787 Doederlein
1418 2752 1455 2786 et
1483 2747 1765 2787 Schoemann:
1812 2750 1877 2784 est

219 2804 496 2853 transgressis
530 2804 605 2843 sed
637 2802 777 2843 codd.:
819 2808 884 2842 est
918 2809 1185 2851 transgressa
1210 2801 1286 2840 sed
1315 2800 1452 2839 Halm
1625 2813 1673 2839 12
1705 2798 1811 2849 Tyle
1840 2803 1876 2836 Δ

223 2868 271 2905 14
299 2857 477 2906 perinde
512 2857 701 2897 Grotius:
743 2856 922 2906 proinde
943 2855 1053 2895 codd.
1242 2855 1290 2893 18
1321 2854 1527 2893 dominari
1550 2859 1641 2893 rm:
1687 2852 1876 2892 damnari

221 2912 290 2947 ΓΔ
426 2922 479 2960 25
509 2910 790 2961 Calydoniam
811 2911 878 2950 I'¹:
919 2909 1149 2949 Caledoma
1170 2913 1206 2947 Δ
1345 2921 1396 2957 27
1429 2908 1639 2958 Hispania
1663 2906 1874 2946 Muretus:

221 2961 453 3012 hispaniam
475 2963 585 3004 codd.
670 2964 840 3003 hiberas
860 2963 929 3003 1⁸²:
962 2963 1107 3002 Iberas
1127 2967 1163 3001 A
1292 2975 1345 3012 29
1372 2962 1414 3001 vi
1434 2962 1566 3002 Rhen.
1590 2976 1600 3001 ε
1633 2974 1710 3001 usu
1734 2959 1846 3000 codd.

275 3041 368 3069 mc.
388 3042 489 3071 AGR.
1738 3030 1762 3067 4
