2138 3470
686 741 1149 831 CORNELII
1225 743 1546 809 TACITI

902 892 915 897 '⁴
936 913 1293 963 DIALOGUS

611 1059 766 1133 DE
853 1026 1636 1142 ORATORIBUS

351 1284 520 1332 SAEPE
545 1298 604 1331 ex
629 1298 708 1331 me
732 1282 948 1346 requiris,
973 1285 1109 1333 Iuste
1135 1284 1269 1345 Fabi,
1298 1302 1395 1346 cur,
1420 1302 1534 1335 cum
1563 1285 1725 1350 priora
1753 1290 1947 1337 saecula
1971 1303 1991 1336 1

283 1372 358 1413 tot
415 1362 738 1412 eminentium
797 1373 1045 1414 oratorum
1104 1365 1310 1428 ingeniis
1369 1366 1621 1430 gloriaque
1680 1368 1943 1428 floruerint,

284 1452 450 1493 nostra
473 1443 783 1507 potissimum
807 1453 940 1493 aetas
965 1446 1158 1494 deserta
1190 1455 1238 1495 et
1271 1448 1417 1496 laude
1442 1447 1753 1511 eloquentiae
1778 1450 1948 1498 orbata

283 1524 362 1573 vix
385 1540 570 1573 nomen
594 1523 757 1587 ipsum
782 1524 984 1574 oratoris
1016 1525 1220 1575 retineat
1238 1545 1252 1588 3
1287 1544 1450 1591 neque
1475 1528 1607 1577 enim
1641 1529 1707 1578 ita
1738 1532 1949 1594 appella-

236 1626 258 1665 5
284 1621 394 1654 mus
419 1603 512 1652 nisi
534 1604 778 1668 antiquos,
806 1606 981 1654 horum
1011 1615 1176 1656 autem
1207 1617 1486 1672 temporum
1517 1608 1681 1659 diserti
1713 1610 1946 1660 causidici

284 1694 332 1735 et
366 1684 592 1735 advocati
624 1694 672 1734 et
703 1685 895 1748 patroni
931 1695 979 1735 et
1008 1686 1201 1750 quidvis
1231 1688 1395 1752 potius
1431 1706 1580 1753 quam
1617 1700 1831 1741 oratores
1866 1708 1948 1741 vo-

282 1775 466 1816 cantur.
539 1764 619 1814 cui
651 1765 1009 1829 percontationi
1041 1777 1154 1817 tuae
1186 1771 1483 1833 respondere
1519 1779 1567 1819 et
1603 1779 1703 1819 tam
1740 1788 1946 1835 magnae
1971 1795 1990 1822 2

282 1846 581 1912 quaestionis
606 1848 802 1911 pondus
835 1847 1069 1912 excipere,
1098 1858 1152 1899 ut
1175 1859 1259 1899 aut
1292 1852 1356 1900 de
1384 1850 1590 1914 ingeniis
1616 1852 1792 1901 nostris
1818 1855 1945 1902 male

281 1928 660 1978 existimandum
695 1929 768 1989 sit,
809 1928 849 1977 si
884 1928 1017 1978 idem
1055 1931 1261 1994 adsequi
1299 1949 1401 1981 non
1442 1948 1717 1996 possumuS‚
1756 1942 1840 1982 aut
1881 1935 1944 1982 de

210 2028 261 2057 10
282 2010 486 2071 iudiciis,
515 2010 555 2059 si
579 2013 822 2071 nolumus,
851 2010 929 2060 vix
962 2013 1161 2079 hercule
1196 2014 1442 2073 auderem,
1472 2012 1664 2061 si'mihi
1694 2030 1804 2063 mea
1839 2030 1944 2063 sen-

280 2092 432 2142 tentia
469 2095 760 2157 proferenda
799 2110 858 2142 ac
896 2111 996 2143 non
1037 2093 1479 2153 disertissimorum,
1521 2102 1575 2142 ut
1613 2093 1788 2142 nostris
1825 2103 1943 2143 tem-

279 2174 493 2239 poribus,
538 2175 796 2225 hominum
839 2193 999 2225 sermo
1042 2176 1337 2238 repetendus
1379 2183 1518 2234 esset,
1565 2191 1689 2237 quos
1731 2176 1941 2224 eandem

280 2257 407 2306 hanc
449 2258 788 2322 quaestionem
836 2256 1172 2322 pertractantis
1216 2254 1403 2304 iuvenis
1444 2256 1718 2303 admodum
1758 2255 1936 2304 audivi.

279 2335 346 2386 ita
379 2356 481 2388 non
517 2339 726 2403 ingenio,
756 2341 843 2389 sed
880 2339 1116 2389 memoria
1152 2347 1200 2387 et
1236 2335 1573 2386 recordatione
1608 2351 1733 2398 opus
1769 2344 1854 2395 est,
1886 2344 1941 2384 ut
1965 2349 1988 2388 3

208 2431 254 2472 Ῑ5
279 2434 405 2481 quae
428 2437 458 2469 a
482 2421 906 2485 praestantissimis
931 2421 1041 2469 viris
1072 2430 1119 2470 et
1153 2418 1424 2482 excogitata
1457 2416 1697 2465 subtiliter
1728 2426 1776 2465 et
1808 2416 1939 2466 dicta

276 2501 481 2563 graviter
514 2502 696 2565 accepi,
725 2519 838 2551 curn
875 2501 1051 2564 singuli
1084 2501 1298 2550 diversas
1335 2498 1426 2564 [vel
1459 2496 1675 2563 easdem]
1709 2499 1797 2547 sed
1832 2514 1939 2561 pro-

276 2581 452 2631 babilis
481 2599 651 2632 causas
681 2584 937 2642 adferrent,
967 2584 1087 2632 dum
1117 2584 1324 2631 formam
1357 2580 1431 2629 sui
1462 2578 1671 2643 quisque
1704 2587 1752 2627 et
1786 2578 1937 2626 animi

276 2671 325 2711 et
359 2662 540 2726 ingenii
576 2665 848 2723 redderent,
876 2662 1035 2712 isdem
1059 2671 1192 2711 nunc
1216 2661 1431 2710 numeris
1456 2660 1714 2723 isdemque
1746 2658 1938 2707 rationi-

278 2842 296 2894 (
321 2789 567 2894 1ίΤιΤνιῑνεὲ)
590 2791 761 2832 Corneli
795 2791 862 2844 (C.
880 2790 1066 2831 Cornelii
1099 2790 1191 2841 CD)
1222 2789 1359 2829 Taciti
1392 2789 1586 2840 dialogus
1612 2789 1666 2828 de
1698 2788 1935 2827 oratoribus

296 2855 320 2882 e
357 2851 494 2894 poetis

336 2967 350 2992 1
384 2967 477 2994 cum
497 2969 580 2997 om.
605 2955 640 2995 C
773 2969 798 3006 4
827 2956 1088 3006 appellamus
1108 2955 1148 2994 E
1163 2968 1173 2994 τ
1202 2955 1465 3006 appellemus
1486 2959 1565 2994 cett.
1708 2967 1735 3003 9
1764 2954 1817 2994 sit
1837 2953 1929 2994 add.

275 3007 386 3059 szs.
521 3011 570 3048 16
597 3009 664 3049 vel
684 3011 876 3062 easdem]
898 3011 1068 3059 quidem
1095 3008 1131 3048 V
1145 3022 1154 3047 τ
1184 3010 1269 3049 secl.
1291 3008 1403 3061 Lips.
1534 3009 1582 3047 18
1612 3009 1809 3048 redderet
1832 3007 1908 3046 CD
