<?xml version="1.0" encoding="UTF-8"?>
<!DOCTYPE html PUBLIC "-//W3C//DTD XHTML 1.0 Transitional//EN"
    "http://www.w3.org/TR/xhtml1/DTD/xhtml1-transitional.dtd">
<html xmlns="http://www.w3.org/1999/xhtml" xml:lang="en" lang="en">
 <head>
  <title>
</title>
<meta http-equiv="Content-Type" content="text/html;charset=utf-8" />
  <meta name='ocr-system' content='tesseract 3.04.00' />
  <meta name='ocr-capabilities' content='ocr_page ocr_carea ocr_par ocr_line ocrx_word'/>
</head>
<body>
  <div class='ocr_page' id='page_1' title='image "./operaminorarecog00taciuoft_0033.png"; bbox 0 0 2138 3470; ppageno 0'>
   <div class='ocr_carea' id='block_1_1' title="bbox 847 175 1266 233">
    <p class='ocr_par' dir='ltr' id='par_1_1' title="bbox 847 175 1266 233">
     <span class='ocr_line' id='line_1_1' title="bbox 847 175 1266 233; baseline -0.002 -11"><span class='ocrx_word' id='word_1_1' title='bbox 847 175 1239 233; x_wconf 81' lang='lat' dir='ltr'><strong>GERMANI-A·</strong></span> <span class='ocrx_word' id='word_1_2' title='bbox 1262 190 1266 193; x_wconf 53' lang='lat'><em>2</em></span> 
     </span>
    </p>
   </div>
   <div class='ocr_carea' id='block_1_2' title="bbox 136 312 1958 2649">
    <p class='ocr_par' dir='ltr' id='par_1_2' title="bbox 206 312 1875 460">
     <span class='ocr_line' id='line_1_2' title="bbox 209 312 1875 384; baseline -0.004 -18"><span class='ocrx_word' id='word_1_3' title='bbox 209 312 504 384; x_wconf 73' lang='lat' dir='ltr'>[exercitus],</span> <span class='ocrx_word' id='word_1_4' title='bbox 542 314 807 379; x_wconf 84' lang='lat' dir='ltr'>&#39;plurimum</span> <span class='ocrx_word' id='word_1_5' title='bbox 850 313 1061 364; x_wconf 89' lang='lat' dir='ltr'>virorum</span> <span class='ocrx_word' id='word_1_6' title='bbox 1085 329 1444 378; x_wconf 89' lang='lat' dir='ltr'>equorumque</span> <span class='ocrx_word' id='word_1_7' title='bbox 1461 331 1475 374; x_wconf 78' lang='lat'><em>3</em></span> <span class='ocrx_word' id='word_1_8' title='bbox 1525 321 1573 362; x_wconf 87' lang='lat' dir='ltr'>et</span> <span class='ocrx_word' id='word_1_9' title='bbox 1614 313 1875 377; x_wconf 48' lang='lat' dir='ltr'>quiescen«</span> 
     </span>
     <span class='ocr_line' id='line_1_3' title="bbox 206 396 1875 460; baseline -0.002 -13"><span class='ocrx_word' id='word_1_10' title='bbox 206 396 338 450; x_wconf 85' lang='lat' dir='ltr'>tibus</span> <span class='ocrx_word' id='word_1_11' title='bbox 361 398 537 447; x_wconf 91' lang='lat' dir='ltr'>eadem</span> <span class='ocrx_word' id='word_1_12' title='bbox 560 398 703 446; x_wconf 88' lang='lat' dir='ltr'>fama.</span> <span class='ocrx_word' id='word_1_13' title='bbox 763 422 766 424; x_wconf 57' lang='lat'>&gt;</span> <span class='ocrx_word' id='word_1_14' title='bbox 876 407 880 411; x_wconf 86' lang='grc'><em>“</em></span> <span class='ocrx_word' id='word_1_15' title='bbox 1865 451 1875 460; x_wconf 72' lang='lat'>.</span> 
     </span>
    </p>

    <p class='ocr_par' dir='ltr' id='par_1_3' title="bbox 274 474 1958 541">
     <span class='ocr_line' id='line_1_4' title="bbox 274 474 1958 541; baseline -0.004 -12"><span class='ocrx_word' id='word_1_16' title='bbox 274 480 337 530; x_wconf 91' lang='lat' dir='ltr'>In</span> <span class='ocrx_word' id='word_1_17' title='bbox 367 480 516 529; x_wconf 89' lang='lat' dir='ltr'>latere</span> <span class='ocrx_word' id='word_1_18' title='bbox 548 478 864 527; x_wconf 86' lang='lat' dir='ltr'><strong>Chaucorum</strong></span> <span class='ocrx_word' id='word_1_19' title='bbox 899 477 1291 541; x_wconf 82' lang='lat' dir='ltr'>Chattorumque</span> <span class='ocrx_word' id='word_1_20' title='bbox 1316 475 1555 527; x_wconf 85' lang='lat' dir='ltr'><strong>Cherusci</strong></span> <span class='ocrx_word' id='word_1_21' title='bbox 1579 475 1783 525; x_wconf 83' lang='lat' dir='ltr'>nimiam</span> <span class='ocrx_word' id='word_1_22' title='bbox 1806 491 1865 524; x_wconf 91' lang='lat' dir='ltr'>ac</span> <span class='ocrx_word' id='word_1_23' title='bbox 1889 474 1958 532; x_wconf 89' lang='lat'>36</span> 
     </span>
    </p>

    <p class='ocr_par' dir='ltr' id='par_1_4' title="bbox 162 556 1920 705">
     <span class='ocr_line' id='line_1_5' title="bbox 207 556 1920 622; baseline -0.005 -11"><span class='ocrx_word' id='word_1_24' title='bbox 207 568 507 612; x_wconf 83' lang='lat' dir='ltr'><strong>marcentem</strong></span> <span class='ocrx_word' id='word_1_25' title='bbox 544 558 631 609; x_wconf 92' lang='lat' dir='ltr'>diu</span> <span class='ocrx_word' id='word_1_26' title='bbox 668 575 843 622; x_wconf 84' lang='lat' dir='ltr'>pacem</span> <span class='ocrx_word' id='word_1_27' title='bbox 881 558 1146 608; x_wconf 82' lang='lat' dir='ltr'>inlacessiti</span> <span class='ocrx_word' id='word_1_28' title='bbox 1177 557 1479 608; x_wconf 86' lang='lat' dir='ltr'>nutrierunt:</span> <span class='ocrx_word' id='word_1_29' title='bbox 1513 557 1666 621; x_wconf 87' lang='lat' dir='ltr'>idque</span> <span class='ocrx_word' id='word_1_30' title='bbox 1697 556 1868 606; x_wconf 85' lang='lat' dir='ltr'>iucun-</span> <span class='ocrx_word' id='word_1_31' title='bbox 1917 597 1920 601; x_wconf 83' lang='lat'>.</span> 
     </span>
     <span class='ocr_line' id='line_1_6' title="bbox 162 638 1867 705; baseline -0.001 -17"><span class='ocrx_word' id='word_1_32' title='bbox 162 647 185 688; x_wconf 89' lang='grc'><strong>5</strong></span> <span class='ocrx_word' id='word_1_33' title='bbox 208 641 318 691; x_wconf 87' lang='lat' dir='ltr'>dius</span> <span class='ocrx_word' id='word_1_34' title='bbox 342 656 493 705; x_wconf 89' lang='lat' dir='ltr'>quam</span> <span class='ocrx_word' id='word_1_35' title='bbox 516 640 670 690; x_wconf 88' lang='lat' dir='ltr'>tutius</span> <span class='ocrx_word' id='word_1_36' title='bbox 702 639 806 700; x_wconf 89' lang='lat' dir='ltr'>fuit,</span> <span class='ocrx_word' id='word_1_37' title='bbox 832 639 949 702; x_wconf 92' lang='lat' dir='ltr'>quia</span> <span class='ocrx_word' id='word_1_38' title='bbox 980 639 1106 688; x_wconf 87' lang='lat' dir='ltr'>inter</span> <span class='ocrx_word' id='word_1_39' title='bbox 1136 639 1418 703; x_wconf 84' lang='lat' dir='ltr'>inpotentes</span> <span class='ocrx_word' id='word_1_40' title='bbox 1455 648 1504 689; x_wconf 91' lang='lat' dir='ltr'>et</span> <span class='ocrx_word' id='word_1_41' title='bbox 1529 638 1719 702; x_wconf 85' lang='lat' dir='ltr'>validos</span> <span class='ocrx_word' id='word_1_42' title='bbox 1742 639 1867 704; x_wconf 90' lang='lat' dir='ltr'>falso</span> 
     </span>
    </p>

    <p class='ocr_par' dir='ltr' id='par_1_5' title="bbox 207 719 1917 1028">
     <span class='ocr_line' id='line_1_7' title="bbox 207 719 1869 787; baseline -0.002 -16"><span class='ocrx_word' id='word_1_43' title='bbox 207 722 432 787; x_wconf 87' lang='lat' dir='ltr'>quiescas</span> <span class='ocrx_word' id='word_1_44' title='bbox 447 739 462 783; x_wconf 83' lang='lat'>3</span> <span class='ocrx_word' id='word_1_45' title='bbox 502 721 590 770; x_wconf 91' lang='lat' dir='ltr'>ubi</span> <span class='ocrx_word' id='word_1_46' title='bbox 627 738 778 770; x_wconf 90' lang='lat' dir='ltr'>manu</span> <span class='ocrx_word' id='word_1_47' title='bbox 815 720 985 783; x_wconf 86' lang='lat' dir='ltr'>agitur,</span> <span class='ocrx_word' id='word_1_48' title='bbox 1026 720 1270 771; x_wconf 90' lang='lat' dir='ltr'>modestia</span> <span class='ocrx_word' id='word_1_49' title='bbox 1305 736 1365 769; x_wconf 94' lang='lat' dir='ltr'>ac</span> <span class='ocrx_word' id='word_1_50' title='bbox 1404 719 1623 784; x_wconf 86' lang='lat' dir='ltr'>probitas</span> <span class='ocrx_word' id='word_1_51' title='bbox 1663 719 1869 769; x_wconf 90' lang='lat' dir='ltr'>nomina</span> 
     </span>
     <span class='ocr_line' id='line_1_8' title="bbox 209 799 1913 866; baseline -0.002 -15"><span class='ocrx_word' id='word_1_52' title='bbox 209 801 470 866; x_wconf 89' lang='lat' dir='ltr'>superioris</span> <span class='ocrx_word' id='word_1_53' title='bbox 493 811 621 851; x_wconf 90' lang='lat' dir='ltr'>sunt.</span> <span class='ocrx_word' id='word_1_54' title='bbox 693 801 761 850; x_wconf 90' lang='lat' dir='ltr'>ita</span> <span class='ocrx_word' id='word_1_55' title='bbox 784 800 870 864; x_wconf 91' lang='lat' dir='ltr'>qui</span> <span class='ocrx_word' id='word_1_56' title='bbox 894 800 1013 850; x_wconf 93' lang='lat' dir='ltr'>olim</span> <span class='ocrx_word' id='word_1_57' title='bbox 1038 801 1158 850; x_wconf 91' lang='lat' dir='ltr'>boni</span> <span class='ocrx_word' id='word_1_58' title='bbox 1182 800 1428 864; x_wconf 86' lang='lat' dir='ltr'>aequique</span> <span class='ocrx_word' id='word_1_59' title='bbox 1453 799 1706 860; x_wconf 89' lang='lat' dir='ltr'>Cherusci,</span> <span class='ocrx_word' id='word_1_60' title='bbox 1733 816 1869 849; x_wconf 93' lang='lat' dir='ltr'>nunc</span> <span class='ocrx_word' id='word_1_61' title='bbox 1894 821 1913 847; x_wconf 80' lang='lat'><strong>2</strong></span> 
     </span>
     <span class='ocr_line' id='line_1_9' title="bbox 208 880 1875 943; baseline -0.003 -11"><span class='ocrx_word' id='word_1_62' title='bbox 208 883 388 933; x_wconf 89' lang='lat' dir='ltr'>inertes</span> <span class='ocrx_word' id='word_1_63' title='bbox 425 899 485 932; x_wconf 90' lang='lat' dir='ltr'>ac</span> <span class='ocrx_word' id='word_1_64' title='bbox 525 882 660 932; x_wconf 90' lang='lat' dir='ltr'>stulti</span> <span class='ocrx_word' id='word_1_65' title='bbox 700 891 939 932; x_wconf 89' lang='lat' dir='ltr'>vocantur</span> <span class='ocrx_word' id='word_1_66' title='bbox 955 900 969 943; x_wconf 82' lang='lat'>3</span> <span class='ocrx_word' id='word_1_67' title='bbox 1021 881 1214 933; x_wconf 90' lang='lat' dir='ltr'>Chattis</span> <span class='ocrx_word' id='word_1_68' title='bbox 1259 881 1528 931; x_wconf 89' lang='lat' dir='ltr'>victoribus</span> <span class='ocrx_word' id='word_1_69' title='bbox 1574 883 1771 930; x_wconf 90' lang='lat' dir='ltr'>fortuna</span> <span class='ocrx_word' id='word_1_70' title='bbox 1815 880 1875 929; x_wconf 81' lang='lat' dir='ltr'>in.</span> 
     </span>
     <span class='ocr_line' id='line_1_10' title="bbox 210 961 1917 1028; baseline -0.002 -15"><span class='ocrx_word' id='word_1_71' title='bbox 210 962 499 1028; x_wconf 87' lang='lat' dir='ltr'>sapientiam</span> <span class='ocrx_word' id='word_1_72' title='bbox 531 962 689 1012; x_wconf 88' lang='lat' dir='ltr'>cessit.</span> <span class='ocrx_word' id='word_1_73' title='bbox 761 962 901 1012; x_wconf 89' lang='lat' dir='ltr'>tracti</span> <span class='ocrx_word' id='word_1_74' title='bbox 933 962 1073 1011; x_wconf 90' lang='lat' dir='ltr'>ruina</span> <span class='ocrx_word' id='word_1_75' title='bbox 1111 963 1475 1013; x_wconf 90' lang='lat' dir='ltr'>Cheruscorum</span> <span class='ocrx_word' id='word_1_76' title='bbox 1513 971 1561 1011; x_wconf 91' lang='lat' dir='ltr'>et</span> <span class='ocrx_word' id='word_1_77' title='bbox 1598 961 1727 1023; x_wconf 89' lang='lat' dir='ltr'>Fosi,</span> <span class='ocrx_word' id='word_1_78' title='bbox 1755 978 1869 1010; x_wconf 90' lang='lat' dir='ltr'>con·</span> <span class='ocrx_word' id='word_1_79' title='bbox 1894 978 1917 1016; x_wconf 86' lang='lat'>3</span> 
     </span>
    </p>

    <p class='ocr_par' dir='ltr' id='par_1_6' title="bbox 139 1042 1868 1176">
     <span class='ocr_line' id='line_1_11' title="bbox 139 1042 1868 1108; baseline -0.001 -14"><span class='ocrx_word' id='word_1_80' title='bbox 139 1058 190 1088; x_wconf 85' lang='lat'>10</span> <span class='ocrx_word' id='word_1_81' title='bbox 210 1044 418 1095; x_wconf 90' lang='lat' dir='ltr'>termina</span> <span class='ocrx_word' id='word_1_82' title='bbox 439 1060 574 1108; x_wconf 90' lang='lat' dir='ltr'>gens,</span> <span class='ocrx_word' id='word_1_83' title='bbox 593 1045 908 1094; x_wconf 90' lang='lat' dir='ltr'>adversarum</span> <span class='ocrx_word' id='word_1_84' title='bbox 927 1060 1087 1093; x_wconf 90' lang='lat' dir='ltr'>rerum</span> <span class='ocrx_word' id='word_1_85' title='bbox 1113 1060 1173 1092; x_wconf 86' lang='lat' dir='ltr'>ex</span> <span class='ocrx_word' id='word_1_86' title='bbox 1196 1059 1357 1108; x_wconf 89' lang='lat' dir='ltr'>aequo</span> <span class='ocrx_word' id='word_1_87' title='bbox 1382 1043 1503 1093; x_wconf 89' lang='lat' dir='ltr'>socii</span> <span class='ocrx_word' id='word_1_88' title='bbox 1528 1051 1656 1104; x_wconf 90' lang='lat' dir='ltr'>sunt,</span> <span class='ocrx_word' id='word_1_89' title='bbox 1678 1059 1792 1092; x_wconf 91' lang='lat' dir='ltr'>cum</span> <span class='ocrx_word' id='word_1_90' title='bbox 1816 1042 1868 1091; x_wconf 92' lang='lat' dir='ltr'>in</span> 
     </span>
     <span class='ocr_line' id='line_1_12' title="bbox 209 1124 918 1176; baseline -0.004 0"><span class='ocrx_word' id='word_1_91' title='bbox 209 1124 440 1176; x_wconf 91' lang='lat' dir='ltr'>secundis</span> <span class='ocrx_word' id='word_1_92' title='bbox 462 1124 678 1174; x_wconf 85' lang='lat' dir='ltr'>minores</span> <span class='ocrx_word' id='word_1_93' title='bbox 700 1124 918 1174; x_wconf 88' lang='lat' dir='ltr'>fuissent.</span> 
     </span>
    </p>

    <p class='ocr_par' dir='ltr' id='par_1_7' title="bbox 208 1204 1954 1433">
     <span class='ocr_line' id='line_1_13' title="bbox 277 1204 1954 1270; baseline -0.002 -14"><span class='ocrx_word' id='word_1_94' title='bbox 277 1207 508 1258; x_wconf 91' lang='lat' dir='ltr'>Eundem</span> <span class='ocrx_word' id='word_1_95' title='bbox 527 1205 822 1256; x_wconf 91' lang='lat' dir='ltr'>Germaniae</span> <span class='ocrx_word' id='word_1_96' title='bbox 842 1205 1005 1255; x_wconf 91' lang='lat' dir='ltr'>sinum</span> <span class='ocrx_word' id='word_1_97' title='bbox 1024 1204 1233 1270; x_wconf 88' lang='lat' dir='ltr'>proximi</span> <span class='ocrx_word' id='word_1_98' title='bbox 1252 1206 1457 1257; x_wconf 89' lang='lat' dir='ltr'>Oceano</span> <span class='ocrx_word' id='word_1_99' title='bbox 1474 1205 1663 1257; x_wconf 91' lang='lat' dir='ltr'>Cimbri</span> <span class='ocrx_word' id='word_1_100' title='bbox 1682 1212 1865 1266; x_wconf 90' lang='lat' dir='ltr'>tenent,</span> <span class='ocrx_word' id='word_1_101' title='bbox 1891 1213 1954 1264; x_wconf 84' lang='lat'>37</span> 
     </span>
     <span class='ocr_line' id='line_1_14' title="bbox 208 1286 1870 1353; baseline -0.002 -15"><span class='ocrx_word' id='word_1_102' title='bbox 208 1302 356 1353; x_wconf 87' lang='lat' dir='ltr'>parva</span> <span class='ocrx_word' id='word_1_103' title='bbox 378 1303 513 1337; x_wconf 91' lang='lat' dir='ltr'>nunc</span> <span class='ocrx_word' id='word_1_104' title='bbox 536 1286 720 1348; x_wconf 80' lang='lat' dir='ltr'>civitaS,</span> <span class='ocrx_word' id='word_1_105' title='bbox 747 1287 836 1336; x_wconf 89' lang='lat' dir='ltr'>sed</span> <span class='ocrx_word' id='word_1_106' title='bbox 859 1286 1013 1351; x_wconf 85' lang='lat' dir='ltr'>gloria</span> <span class='ocrx_word' id='word_1_107' title='bbox 1035 1287 1222 1352; x_wconf 72' lang='lat' dir='ltr'>ingens,</span> <span class='ocrx_word' id='word_1_108' title='bbox 1289 1286 1565 1351; x_wconf 89' lang='lat' dir='ltr'>veterisque</span> <span class='ocrx_word' id='word_1_109' title='bbox 1588 1289 1748 1336; x_wconf 92' lang='lat' dir='ltr'>famae</span> <span class='ocrx_word' id='word_1_110' title='bbox 1771 1288 1870 1335; x_wconf 90' lang='lat' dir='ltr'>lata</span> 
     </span>
     <span class='ocr_line' id='line_1_15' title="bbox 209 1367 1867 1433; baseline -0.002 -14"><span class='ocrx_word' id='word_1_111' title='bbox 209 1368 411 1433; x_wconf 88' lang='lat' dir='ltr'>vestigia</span> <span class='ocrx_word' id='word_1_112' title='bbox 456 1377 672 1428; x_wconf 89' lang='lat' dir='ltr'>manent,</span> <span class='ocrx_word' id='word_1_113' title='bbox 720 1377 929 1431; x_wconf 90' lang='lat' dir='ltr'>utraque</span> <span class='ocrx_word' id='word_1_114' title='bbox 973 1367 1080 1432; x_wconf 91' lang='lat' dir='ltr'>ripa</span> <span class='ocrx_word' id='word_1_115' title='bbox 1124 1377 1282 1419; x_wconf 90' lang='lat' dir='ltr'>castra</span> <span class='ocrx_word' id='word_1_116' title='bbox 1326 1385 1386 1418; x_wconf 94' lang='lat' dir='ltr'>ac</span> <span class='ocrx_word' id='word_1_117' title='bbox 1437 1368 1606 1432; x_wconf 89' lang='lat' dir='ltr'>spatia,</span> <span class='ocrx_word' id='word_1_118' title='bbox 1656 1384 1867 1432; x_wconf 90' lang='lat' dir='ltr'>quorum</span> 
     </span>
    </p>

    <p class='ocr_par' dir='ltr' id='par_1_8' title="bbox 139 1447 1913 1839">
     <span class='ocr_line' id='line_1_16' title="bbox 139 1447 1872 1513; baseline -0.002 -13"><span class='ocrx_word' id='word_1_119' title='bbox 139 1463 188 1506; x_wconf 86' lang='lat'>15</span> <span class='ocrx_word' id='word_1_120' title='bbox 210 1449 400 1500; x_wconf 89' lang='lat' dir='ltr'>ambitu</span> <span class='ocrx_word' id='word_1_121' title='bbox 439 1465 574 1498; x_wconf 90' lang='lat' dir='ltr'>nunc</span> <span class='ocrx_word' id='word_1_122' title='bbox 604 1464 807 1512; x_wconf 91' lang='lat' dir='ltr'>quoque</span> <span class='ocrx_word' id='word_1_123' title='bbox 841 1447 1056 1498; x_wconf 89' lang='lat' dir='ltr'>metiaris</span> <span class='ocrx_word' id='word_1_124' title='bbox 1094 1451 1279 1499; x_wconf 93' lang='lat' dir='ltr'>molem</span> <span class='ocrx_word' id='word_1_125' title='bbox 1310 1465 1587 1513; x_wconf 91' lang='lat' dir='ltr'>manusque</span> <span class='ocrx_word' id='word_1_126' title='bbox 1623 1448 1781 1512; x_wconf 88' lang='lat' dir='ltr'>gentis</span> <span class='ocrx_word' id='word_1_127' title='bbox 1819 1457 1872 1497; x_wconf 90' lang='lat' dir='ltr'>et</span> 
     </span>
     <span class='ocr_line' id='line_1_17' title="bbox 209 1529 1913 1594; baseline -0.001 -14"><span class='ocrx_word' id='word_1_128' title='bbox 209 1540 311 1580; x_wconf 92' lang='lat' dir='ltr'>tam</span> <span class='ocrx_word' id='word_1_129' title='bbox 335 1529 501 1594; x_wconf 88' lang='lat' dir='ltr'>magni</span> <span class='ocrx_word' id='word_1_130' title='bbox 524 1529 679 1579; x_wconf 85' lang='lat' dir='ltr'>exitus</span> <span class='ocrx_word' id='word_1_131' title='bbox 703 1531 868 1579; x_wconf 87' lang='lat' dir='ltr'>fidem.</span> <span class='ocrx_word' id='word_1_132' title='bbox 941 1530 1346 1580; x_wconf 87' lang='lat' dir='ltr'>sescentesimum</span> <span class='ocrx_word' id='word_1_133' title='bbox 1366 1539 1414 1579; x_wconf 90' lang='lat' dir='ltr'>et</span> <span class='ocrx_word' id='word_1_134' title='bbox 1437 1529 1867 1594; x_wconf 89' lang='lat' dir='ltr'>quadragesimum</span> <span class='ocrx_word' id='word_1_135' title='bbox 1894 1551 1913 1579; x_wconf 85' lang='lat'><strong>2</strong></span> 
     </span>
     <span class='ocr_line' id='line_1_18' title="bbox 208 1609 1869 1675; baseline -0.002 -13"><span class='ocrx_word' id='word_1_136' title='bbox 208 1628 396 1662; x_wconf 91' lang='lat' dir='ltr'>annum</span> <span class='ocrx_word' id='word_1_137' title='bbox 419 1611 536 1661; x_wconf 92' lang='lat' dir='ltr'>urbs</span> <span class='ocrx_word' id='word_1_138' title='bbox 560 1619 728 1660; x_wconf 89' lang='lat' dir='ltr'>nostra</span> <span class='ocrx_word' id='word_1_139' title='bbox 749 1611 940 1674; x_wconf 88' lang='lat' dir='ltr'>agebat,</span> <span class='ocrx_word' id='word_1_140' title='bbox 967 1628 1083 1660; x_wconf 91' lang='lat' dir='ltr'>curn</span> <span class='ocrx_word' id='word_1_141' title='bbox 1114 1611 1329 1675; x_wconf 92' lang='lat' dir='ltr'>primum</span> <span class='ocrx_word' id='word_1_142' title='bbox 1360 1611 1676 1662; x_wconf 91' lang='lat' dir='ltr'>Cimbrorum</span> <span class='ocrx_word' id='word_1_143' title='bbox 1700 1609 1869 1659; x_wconf 92' lang='lat' dir='ltr'>audita</span> 
     </span>
     <span class='ocr_line' id='line_1_19' title="bbox 209 1690 1863 1756; baseline -0.002 -13"><span class='ocrx_word' id='word_1_144' title='bbox 209 1701 324 1743; x_wconf 91' lang='lat' dir='ltr'>sunt</span> <span class='ocrx_word' id='word_1_145' title='bbox 346 1709 482 1742; x_wconf 90' lang='lat' dir='ltr'>arma</span> <span class='ocrx_word' id='word_1_146' title='bbox 505 1692 725 1743; x_wconf 89' lang='lat' dir='ltr'>Caecilio</span> <span class='ocrx_word' id='word_1_147' title='bbox 750 1694 959 1742; x_wconf 90' lang='lat' dir='ltr'>Metello</span> <span class='ocrx_word' id='word_1_148' title='bbox 981 1709 1040 1741; x_wconf 93' lang='lat' dir='ltr'>ac</span> <span class='ocrx_word' id='word_1_149' title='bbox 1065 1691 1262 1756; x_wconf 91' lang='lat' dir='ltr'>Papirio</span> <span class='ocrx_word' id='word_1_150' title='bbox 1295 1693 1527 1743; x_wconf 91' lang='lat' dir='ltr'>Carbone</span> <span class='ocrx_word' id='word_1_151' title='bbox 1564 1690 1863 1741; x_wconf 82' lang='lat' dir='ltr'>consulibus,</span> 
     </span>
     <span class='ocr_line' id='line_1_20' title="bbox 209 1773 1868 1839; baseline -0.002 -15"><span class='ocrx_word' id='word_1_152' title='bbox 209 1790 269 1824; x_wconf 89' lang='lat' dir='ltr'>ex</span> <span class='ocrx_word' id='word_1_153' title='bbox 291 1790 393 1839; x_wconf 95' lang='lat' dir='ltr'>quo</span> <span class='ocrx_word' id='word_1_154' title='bbox 417 1773 458 1824; x_wconf 91' lang='lat' dir='ltr'>si</span> <span class='ocrx_word' id='word_1_155' title='bbox 489 1775 555 1824; x_wconf 91' lang='lat' dir='ltr'>ad</span> <span class='ocrx_word' id='word_1_156' title='bbox 585 1775 793 1823; x_wconf 85' lang='lat' dir='ltr'>alterum</span> <span class='ocrx_word' id='word_1_157' title='bbox 828 1773 1136 1838; x_wconf 90' lang='lat' dir='ltr'>imperatoris</span> <span class='ocrx_word' id='word_1_158' title='bbox 1159 1773 1360 1823; x_wconf 91' lang='lat' dir='ltr'>Traiani</span> <span class='ocrx_word' id='word_1_159' title='bbox 1392 1775 1704 1832; x_wconf 89' lang='lat' dir='ltr'>consulatum</span> <span class='ocrx_word' id='word_1_160' title='bbox 1736 1789 1868 1821; x_wconf 93' lang='lat' dir='ltr'>com-</span> 
     </span>
    </p>

    <p class='ocr_par' dir='ltr' id='par_1_9' title="bbox 137 1853 1918 2243">
     <span class='ocr_line' id='line_1_21' title="bbox 137 1853 1868 1919; baseline 0 -17"><span class='ocrx_word' id='word_1_161' title='bbox 137 1873 187 1903; x_wconf 64' lang='grc' dir='ltr'>ιο</span> <span class='ocrx_word' id='word_1_162' title='bbox 208 1864 453 1919; x_wconf 85' lang='lat' dir='ltr'>putemuS,</span> <span class='ocrx_word' id='word_1_163' title='bbox 479 1854 683 1905; x_wconf 91' lang='lat' dir='ltr'>ducenti</span> <span class='ocrx_word' id='word_1_164' title='bbox 705 1856 861 1905; x_wconf 92' lang='lat' dir='ltr'>ferme</span> <span class='ocrx_word' id='word_1_165' title='bbox 883 1864 933 1905; x_wconf 91' lang='lat' dir='ltr'>et</span> <span class='ocrx_word' id='word_1_166' title='bbox 957 1856 1134 1909; x_wconf 90' lang='lat' dir='ltr'>decem</span> <span class='ocrx_word' id='word_1_167' title='bbox 1157 1855 1276 1904; x_wconf 91' lang='lat' dir='ltr'>anni</span> <span class='ocrx_word' id='word_1_168' title='bbox 1294 1854 1618 1919; x_wconf 86' lang='lat' dir='ltr'>colliguntur:</span> <span class='ocrx_word' id='word_1_169' title='bbox 1654 1863 1755 1903; x_wconf 90' lang='lat' dir='ltr'>tam</span> <span class='ocrx_word' id='word_1_170' title='bbox 1782 1853 1868 1903; x_wconf 90' lang='lat' dir='ltr'>diu</span> 
     </span>
     <span class='ocr_line' id='line_1_22' title="bbox 210 1934 1918 2000; baseline -0.002 -14"><span class='ocrx_word' id='word_1_171' title='bbox 210 1937 475 1987; x_wconf 90' lang='lat' dir='ltr'>Germania</span> <span class='ocrx_word' id='word_1_172' title='bbox 496 1936 717 1986; x_wconf 88' lang='lat' dir='ltr'>vincitur.</span> <span class='ocrx_word' id='word_1_173' title='bbox 790 1935 959 1989; x_wconf 88' lang='lat' dir='ltr'>medio</span> <span class='ocrx_word' id='word_1_174' title='bbox 996 1946 1099 1986; x_wconf 91' lang='lat' dir='ltr'>tam</span> <span class='ocrx_word' id='word_1_175' title='bbox 1135 1935 1271 2000; x_wconf 86' lang='lat' dir='ltr'>longi</span> <span class='ocrx_word' id='word_1_176' title='bbox 1307 1936 1415 1986; x_wconf 91' lang='lat' dir='ltr'>aevi</span> <span class='ocrx_word' id='word_1_177' title='bbox 1448 1935 1606 1999; x_wconf 90' lang='lat' dir='ltr'>spatio</span> <span class='ocrx_word' id='word_1_178' title='bbox 1639 1936 1794 1984; x_wconf 88' lang='lat' dir='ltr'>multa</span> <span class='ocrx_word' id='word_1_179' title='bbox 1817 1934 1868 1983; x_wconf 91' lang='lat' dir='ltr'>in</span> <span class='ocrx_word' id='word_1_180' title='bbox 1895 1953 1918 1994; x_wconf 86' lang='lat'><strong>3</strong></span> 
     </span>
     <span class='ocr_line' id='line_1_23' title="bbox 207 2015 1909 2079; baseline -0.001 -12"><span class='ocrx_word' id='word_1_181' title='bbox 207 2017 365 2068; x_wconf 90' lang='lat' dir='ltr'>vicem</span> <span class='ocrx_word' id='word_1_182' title='bbox 411 2019 607 2068; x_wconf 89' lang='lat' dir='ltr'>damna.</span> <span class='ocrx_word' id='word_1_183' title='bbox 680 2034 783 2067; x_wconf 90' lang='lat' dir='ltr'>non</span> <span class='ocrx_word' id='word_1_184' title='bbox 831 2017 1040 2078; x_wconf 81' lang='lat' dir='ltr'>SamniS,</span> <span class='ocrx_word' id='word_1_185' title='bbox 1084 2034 1187 2068; x_wconf 91' lang='lat' dir='ltr'>non</span> <span class='ocrx_word' id='word_1_186' title='bbox 1235 2017 1405 2078; x_wconf 93' lang='lat' dir='ltr'>Poeni,</span> <span class='ocrx_word' id='word_1_187' title='bbox 1446 2034 1549 2067; x_wconf 92' lang='lat' dir='ltr'>non</span> <span class='ocrx_word' id='word_1_188' title='bbox 1593 2015 1909 2079; x_wconf 85' lang='lat' dir='ltr'>Hispaniae·</span> 
     </span>
     <span class='ocr_line' id='line_1_24' title="bbox 209 2097 1869 2163; baseline -0.001 -15"><span class='ocrx_word' id='word_1_189' title='bbox 209 2099 470 2159; x_wconf 89' lang='lat' dir='ltr'>Galliaeve,</span> <span class='ocrx_word' id='word_1_190' title='bbox 510 2115 575 2149; x_wconf 91' lang='lat' dir='ltr'>ne</span> <span class='ocrx_word' id='word_1_191' title='bbox 612 2098 780 2149; x_wconf 89' lang='lat' dir='ltr'>Parthi</span> <span class='ocrx_word' id='word_1_192' title='bbox 818 2099 1022 2163; x_wconf 92' lang='lat' dir='ltr'>quidem</span> <span class='ocrx_word' id='word_1_193' title='bbox 1060 2098 1255 2163; x_wconf 91' lang='lat' dir='ltr'>saepius</span> <span class='ocrx_word' id='word_1_194' title='bbox 1296 2100 1630 2148; x_wconf 86' lang='lat' dir='ltr'>admonuere:</span> <span class='ocrx_word' id='word_1_195' title='bbox 1684 2097 1869 2161; x_wconf 90' lang='lat' dir='ltr'>quippe</span> 
     </span>
     <span class='ocr_line' id='line_1_25' title="bbox 206 2177 1918 2243; baseline -0.001 -15"><span class='ocrx_word' id='word_1_196' title='bbox 206 2195 358 2243; x_wconf 87' lang='lat' dir='ltr'>regno</span> <span class='ocrx_word' id='word_1_197' title='bbox 381 2179 577 2230; x_wconf 90' lang='lat' dir='ltr'>Arsacis</span> <span class='ocrx_word' id='word_1_198' title='bbox 608 2180 765 2230; x_wconf 88' lang='lat' dir='ltr'>acrior</span> <span class='ocrx_word' id='word_1_199' title='bbox 797 2189 871 2230; x_wconf 91' lang='lat' dir='ltr'>est</span> <span class='ocrx_word' id='word_1_200' title='bbox 906 2182 1269 2231; x_wconf 89' lang='lat' dir='ltr'>Germanorum</span> <span class='ocrx_word' id='word_1_201' title='bbox 1304 2179 1514 2229; x_wconf 89' lang='lat' dir='ltr'>libertas.</span> <span class='ocrx_word' id='word_1_202' title='bbox 1588 2178 1710 2243; x_wconf 92' lang='lat' dir='ltr'>quid</span> <span class='ocrx_word' id='word_1_203' title='bbox 1734 2177 1867 2227; x_wconf 91' lang='lat' dir='ltr'>enim</span> <span class='ocrx_word' id='word_1_204' title='bbox 1891 2205 1918 2243; x_wconf 94' lang='lat'>4</span> 
     </span>
    </p>

    <p class='ocr_par' dir='ltr' id='par_1_10' title="bbox 136 2258 1914 2649">
     <span class='ocr_line' id='line_1_26' title="bbox 136 2258 1864 2324; baseline 0.001 -16"><span class='ocrx_word' id='word_1_205' title='bbox 136 2278 184 2321; x_wconf 81' lang='lat'>²⁵</span> <span class='ocrx_word' id='word_1_206' title='bbox 206 2259 341 2310; x_wconf 89' lang='lat' dir='ltr'>aliud</span> <span class='ocrx_word' id='word_1_207' title='bbox 375 2260 522 2310; x_wconf 90' lang='lat' dir='ltr'>nobis</span> <span class='ocrx_word' id='word_1_208' title='bbox 562 2277 713 2324; x_wconf 90' lang='lat' dir='ltr'>quam</span> <span class='ocrx_word' id='word_1_209' title='bbox 755 2262 963 2310; x_wconf 89' lang='lat' dir='ltr'>caedem</span> <span class='ocrx_word' id='word_1_210' title='bbox 999 2260 1178 2321; x_wconf 88' lang='lat' dir='ltr'>Crassi,</span> <span class='ocrx_word' id='word_1_211' title='bbox 1215 2260 1399 2309; x_wconf 90' lang='lat' dir='ltr'>amisso</span> <span class='ocrx_word' id='word_1_212' title='bbox 1434 2269 1484 2309; x_wconf 92' lang='lat' dir='ltr'>et</span> <span class='ocrx_word' id='word_1_213' title='bbox 1518 2258 1625 2323; x_wconf 89' lang='lat' dir='ltr'>ipse</span> <span class='ocrx_word' id='word_1_214' title='bbox 1662 2262 1864 2321; x_wconf 91' lang='lat' dir='ltr'>Pacor0,</span> 
     </span>
     <span class='ocr_line' id='line_1_27' title="bbox 206 2339 1914 2400; baseline 0 -10"><span class='ocrx_word' id='word_1_215' title='bbox 206 2339 330 2391; x_wconf 91' lang='lat' dir='ltr'>infra</span> <span class='ocrx_word' id='word_1_216' title='bbox 374 2340 665 2391; x_wconf 88' lang='lat' dir='ltr'>Ventidium</span> <span class='ocrx_word' id='word_1_217' title='bbox 711 2341 934 2391; x_wconf 91' lang='lat' dir='ltr'>deiectus</span> <span class='ocrx_word' id='word_1_218' title='bbox 981 2341 1159 2391; x_wconf 91' lang='lat' dir='ltr'>Oriens</span> <span class='ocrx_word' id='word_1_219' title='bbox 1205 2340 1478 2391; x_wconf 84' lang='lat' dir='ltr'>obiecerit?</span> <span class='ocrx_word' id='word_1_220' title='bbox 1534 2350 1584 2390; x_wconf 90' lang='lat' dir='ltr'>at</span> <span class='ocrx_word' id='word_1_221' title='bbox 1632 2341 1867 2390; x_wconf 88' lang='lat' dir='ltr'>Germani</span> <span class='ocrx_word' id='word_1_222' title='bbox 1893 2360 1914 2400; x_wconf 88' lang='lat'>5</span> 
     </span>
     <span class='ocr_line' id='line_1_28' title="bbox 208 2421 1867 2486; baseline 0 -14"><span class='ocrx_word' id='word_1_223' title='bbox 208 2422 438 2472; x_wconf 92' lang='lat' dir='ltr'>Carbone</span> <span class='ocrx_word' id='word_1_224' title='bbox 472 2431 522 2472; x_wconf 87' lang='lat' dir='ltr'>et</span> <span class='ocrx_word' id='word_1_225' title='bbox 555 2421 730 2473; x_wconf 87' lang='lat' dir='ltr'>Cassio</span> <span class='ocrx_word' id='word_1_226' title='bbox 750 2431 804 2473; x_wconf 23' lang='lat' dir='ltr'>*et</span> <span class='ocrx_word' id='word_1_227' title='bbox 836 2425 1022 2474; x_wconf 91' lang='lat' dir='ltr'>Scauro</span> <span class='ocrx_word' id='word_1_228' title='bbox 1046 2421 1249 2473; x_wconf 90' lang='lat' dir='ltr'>Aurelio</span> <span class='ocrx_word' id='word_1_229' title='bbox 1284 2431 1333 2476; x_wconf 86' lang='lat' dir='ltr'>et</span> <span class='ocrx_word' id='word_1_230' title='bbox 1369 2421 1574 2472; x_wconf 89' lang='lat' dir='ltr'>Servilio</span> <span class='ocrx_word' id='word_1_231' title='bbox 1611 2422 1867 2486; x_wconf 88' lang='lat' dir='ltr'>Caepione</span> 
     </span>
     <span class='ocr_line' id='line_1_29' title="bbox 208 2501 1865 2566; baseline 0.001 -16"><span class='ocrx_word' id='word_1_232' title='bbox 208 2502 482 2566; x_wconf 91' lang='lat' dir='ltr'>Gnaeoque</span> <span class='ocrx_word' id='word_1_233' title='bbox 507 2501 682 2551; x_wconf 91' lang='lat' dir='ltr'>Mallio</span> <span class='ocrx_word' id='word_1_234' title='bbox 713 2502 833 2552; x_wconf 91' lang='lat' dir='ltr'>fusis</span> <span class='ocrx_word' id='word_1_235' title='bbox 858 2504 936 2552; x_wconf 93' lang='lat' dir='ltr'>vel</span> <span class='ocrx_word' id='word_1_236' title='bbox 968 2502 1123 2565; x_wconf 89' lang='lat' dir='ltr'>captis</span> <span class='ocrx_word' id='word_1_237' title='bbox 1155 2501 1377 2566; x_wconf 86' lang='lat' dir='ltr'>quinque</span> <span class='ocrx_word' id='word_1_238' title='bbox 1411 2501 1559 2551; x_wconf 89' lang='lat' dir='ltr'>simul</span> <span class='ocrx_word' id='word_1_239' title='bbox 1592 2501 1865 2552; x_wconf 88' lang='lat' dir='ltr'>consularis</span> 
     </span>
     <span class='ocr_line' id='line_1_30' title="bbox 207 2581 1865 2649; baseline 0.001 -19"><span class='ocrx_word' id='word_1_240' title='bbox 207 2581 444 2637; x_wconf 79' lang='lat' dir='ltr'>exercitus</span> <span class='ocrx_word' id='word_1_241' title='bbox 479 2583 667 2646; x_wconf 89' lang='lat' dir='ltr'>populo</span> <span class='ocrx_word' id='word_1_242' title='bbox 703 2584 951 2644; x_wconf 90' lang='lat' dir='ltr'>Romano,</span> <span class='ocrx_word' id='word_1_243' title='bbox 977 2585 1165 2643; x_wconf 84' lang='lat' dir='ltr'>Varum</span> <span class='ocrx_word' id='word_1_244' title='bbox 1197 2583 1382 2646; x_wconf 86' lang='lat' dir='ltr'>trisque</span> <span class='ocrx_word' id='word_1_245' title='bbox 1414 2599 1529 2644; x_wconf 89' lang='lat' dir='ltr'>cum</span> <span class='ocrx_word' id='word_1_246' title='bbox 1561 2598 1623 2632; x_wconf 92' lang='lat' dir='ltr'>eo</span> <span class='ocrx_word' id='word_1_247' title='bbox 1647 2582 1865 2649; x_wconf 90' lang='lat' dir='ltr'>legiones</span> 
     </span>
    </p>
   </div>
   <div class='ocr_carea' id='block_1_3' title="bbox 204 2708 1871 3033">
    <p class='ocr_par' dir='ltr' id='par_1_11' title="bbox 204 2708 1871 3033">
     <span class='ocr_line' id='line_1_31' title="bbox 264 2708 1866 2753; baseline 0.001 -3"><span class='ocrx_word' id='word_1_248' title='bbox 264 2723 282 2750; x_wconf 88' lang='lat'>1</span> <span class='ocrx_word' id='word_1_249' title='bbox 314 2710 526 2752; x_wconf 85' lang='lat' dir='ltr'>exercitus</span> <span class='ocrx_word' id='word_1_250' title='bbox 555 2709 641 2750; x_wconf 85' lang='lat' dir='ltr'>secl.</span> <span class='ocrx_word' id='word_1_251' title='bbox 682 2708 850 2750; x_wconf 78' lang='lat' dir='ltr'>Walch:</span> <span class='ocrx_word' id='word_1_252' title='bbox 898 2710 1106 2750; x_wconf 88' lang='lat' dir='ltr'>exercitui</span> <span class='ocrx_word' id='word_1_253' title='bbox 1135 2709 1322 2750; x_wconf 85' lang='lat' dir='ltr'>Heraeus</span> <span class='ocrx_word' id='word_1_254' title='bbox 1484 2712 1511 2749; x_wconf 90' lang='lat'><strong>6</strong></span> <span class='ocrx_word' id='word_1_255' title='bbox 1539 2711 1709 2751; x_wconf 88' lang='lat' dir='ltr'>nomina</span> <span class='ocrx_word' id='word_1_256' title='bbox 1737 2710 1866 2753; x_wconf 82' lang='lat' dir='ltr'>Put.:</span> 
     </span>
     <span class='ocr_line' id='line_1_32' title="bbox 207 2764 1865 2817; baseline 0.001 -14"><span class='ocrx_word' id='word_1_257' title='bbox 207 2765 378 2809; x_wconf 86' lang='lat' dir='ltr'>nornine</span> <span class='ocrx_word' id='word_1_258' title='bbox 398 2764 511 2806; x_wconf 86' lang='lat' dir='ltr'>codd.</span> <span class='ocrx_word' id='word_1_259' title='bbox 531 2780 541 2807; x_wconf 77' lang='lat' dir='ltr'><strong><em>z</em></strong></span> <span class='ocrx_word' id='word_1_260' title='bbox 574 2766 755 2804; x_wconf 41' lang='lat' dir='ltr'>nomina*</span> <span class='ocrx_word' id='word_1_261' title='bbox 766 2764 976 2817; x_wconf 86' lang='lat' dir='ltr'>superiori</span> <span class='ocrx_word' id='word_1_262' title='bbox 996 2764 1198 2804; x_wconf 80' lang='lat' dir='ltr'>Heinsius</span> <span class='ocrx_word' id='word_1_263' title='bbox 1358 2777 1387 2815; x_wconf 88' lang='lat'><strong>9</strong></span> <span class='ocrx_word' id='word_1_264' title='bbox 1412 2765 1514 2809; x_wconf 73' lang='lat' dir='ltr'>,tacti</span> <span class='ocrx_word' id='word_1_265' title='bbox 1544 2765 1676 2804; x_wconf 83' lang='lat' dir='ltr'><em>A-BD</em></span> <span class='ocrx_word' id='word_1_266' title='bbox 1785 2765 1865 2804; x_wconf 84' lang='lat' dir='ltr'>susi</span> 
     </span>
     <span class='ocr_line' id='line_1_33' title="bbox 207 2817 1871 2871; baseline 0 -14"><span class='ocrx_word' id='word_1_267' title='bbox 207 2818 309 2857; x_wconf 74' lang='grc' dir='ltr'>ΑΒι</span> <span class='ocrx_word' id='word_1_268' title='bbox 476 2832 526 2859; x_wconf 80' lang='lat'>12</span> <span class='ocrx_word' id='word_1_269' title='bbox 553 2820 680 2859; x_wconf 87' lang='lat' dir='ltr'>situm</span> <span class='ocrx_word' id='word_1_270' title='bbox 698 2819 742 2858; x_wconf 91' lang='grc' dir='ltr'><em>Β</em></span> <span class='ocrx_word' id='word_1_271' title='bbox 915 2831 963 2869; x_wconf 87' lang='lat'>15</span> <span class='ocrx_word' id='word_1_272' title='bbox 993 2819 1191 2859; x_wconf 88' lang='lat' dir='ltr'>ambitum</span> <span class='ocrx_word' id='word_1_273' title='bbox 1212 2817 1354 2859; x_wconf 85' lang='lat' dir='ltr'><em>A¹CD</em></span> <span class='ocrx_word' id='word_1_274' title='bbox 1539 2819 1589 2858; x_wconf 88' lang='lat'>18</span> <span class='ocrx_word' id='word_1_275' title='bbox 1617 2819 1687 2871; x_wconf 85' lang='lat' dir='ltr'>ac]</span> <span class='ocrx_word' id='word_1_276' title='bbox 1719 2825 1762 2859; x_wconf 88' lang='lat' dir='ltr'>et</span> <span class='ocrx_word' id='word_1_277' title='bbox 1782 2819 1871 2858; x_wconf 87' lang='lat' dir='ltr'>AB</span> 
     </span>
     <span class='ocr_line' id='line_1_34' title="bbox 207 2871 1863 2924; baseline 0.002 -14"><span class='ocrx_word' id='word_1_278' title='bbox 207 2882 261 2922; x_wconf 77' lang='lat'>25</span> <span class='ocrx_word' id='word_1_279' title='bbox 290 2878 334 2912; x_wconf 88' lang='lat' dir='ltr'>et</span> <span class='ocrx_word' id='word_1_280' title='bbox 352 2873 444 2924; x_wconf 89' lang='lat' dir='ltr'>ipse</span> <span class='ocrx_word' id='word_1_281' title='bbox 462 2871 564 2912; x_wconf 87' lang='lat' dir='ltr'>HM</span> <span class='ocrx_word' id='word_1_282' title='bbox 566 2873 608 2913; x_wconf 84' lang='lat' dir='ltr'><em>V</em></span> <span class='ocrx_word' id='word_1_283' title='bbox 617 2888 627 2914; x_wconf 74' lang='grc' dir='ltr'><strong>ε</strong></span> <span class='ocrx_word' id='word_1_284' title='bbox 657 2879 700 2913; x_wconf 89' lang='lat' dir='ltr'>et</span> <span class='ocrx_word' id='word_1_285' title='bbox 721 2873 814 2924; x_wconf 87' lang='lat' dir='ltr'>ipso</span> <span class='ocrx_word' id='word_1_286' title='bbox 835 2878 878 2913; x_wconf 84' lang='lat' dir='ltr'>et</span> <span class='ocrx_word' id='word_1_287' title='bbox 898 2874 991 2924; x_wconf 89' lang='lat' dir='ltr'>ipse</span> <span class='ocrx_word' id='word_1_288' title='bbox 1010 2873 1178 2914; x_wconf 88' lang='lat' dir='ltr'>ABCD</span> <span class='ocrx_word' id='word_1_289' title='bbox 1366 2875 1419 2912; x_wconf 83' lang='lat'>28</span> <span class='ocrx_word' id='word_1_290' title='bbox 1448 2873 1683 2924; x_wconf 84' lang='lat' dir='ltr'>Gnaeoque</span> <span class='ocrx_word' id='word_1_291' title='bbox 1703 2872 1863 2915; x_wconf 83' lang='lat' dir='ltr'>Halm:</span> 
     </span>
     <span class='ocr_line' id='line_1_35' title="bbox 208 2926 1866 2979; baseline 0.001 -15"><span class='ocrx_word' id='word_1_292' title='bbox 208 2938 352 2966; x_wconf 86' lang='lat' dir='ltr'>marco</span> <span class='ocrx_word' id='word_1_293' title='bbox 381 2940 550 2978; x_wconf 85' lang='lat' dir='ltr'>quoque</span> <span class='ocrx_word' id='word_1_294' title='bbox 582 2928 664 2979; x_wconf 87' lang='lat' dir='ltr'><em>(vel</em></span> <span class='ocrx_word' id='word_1_295' title='bbox 689 2930 810 2979; x_wconf 85' lang='lat' dir='ltr'>-que)</span> <span class='ocrx_word' id='word_1_296' title='bbox 847 2927 956 2968; x_wconf 88' lang='lat' dir='ltr'>codd.</span> <span class='ocrx_word' id='word_1_297' title='bbox 1082 2928 1207 2967; x_wconf 86' lang='lat' dir='ltr'>malio</span> <span class='ocrx_word' id='word_1_298' title='bbox 1238 2926 1292 2967; x_wconf 91' lang='lat' dir='ltr'><em>M</em></span> <span class='ocrx_word' id='word_1_299' title='bbox 1304 2942 1315 2968; x_wconf 75' lang='lat' dir='ltr'>t</span> <span class='ocrx_word' id='word_1_300' title='bbox 1355 2928 1511 2969; x_wconf 86' lang='lat' dir='ltr'>manlio</span> <span class='ocrx_word' id='word_1_301' title='bbox 1542 2929 1623 2970; x_wconf 72' lang='lat' dir='ltr'>cett.</span> <span class='ocrx_word' id='word_1_302' title='bbox 1811 2940 1866 2977; x_wconf 86' lang='lat'>29</span> 
     </span>
     <span class='ocr_line' id='line_1_36' title="bbox 204 2979 1003 3033; baseline 0.004 -13"><span class='ocrx_word' id='word_1_303' title='bbox 204 2979 367 3031; x_wconf 87' lang='lat' dir='ltr'>&#39;populo</span> <span class='ocrx_word' id='word_1_304' title='bbox 387 2993 436 3021; x_wconf 88' lang='lat' dir='ltr'>ro</span> <span class='ocrx_word' id='word_1_305' title='bbox 455 2981 512 3019; x_wconf 59' lang='grc' dir='ltr'>Β)</span> <span class='ocrx_word' id='word_1_306' title='bbox 529 2995 539 3020; x_wconf 70' lang='lat'>2</span> <span class='ocrx_word' id='word_1_307' title='bbox 569 2981 714 3033; x_wconf 90' lang='lat' dir='ltr'>populi</span> <span class='ocrx_word' id='word_1_308' title='bbox 736 2983 901 3022; x_wconf 84' lang='lat' dir='ltr'>romani</span> <span class='ocrx_word' id='word_1_309' title='bbox 922 2986 1003 3023; x_wconf 82' lang='lat' dir='ltr'>cett.</span> 
     </span>
    </p>
   </div>
  </div>
 </body>
</html>
