2138 3470
778 177 1125 228 CORNELII
1161 179 1407 230 TACITI

260 316 455 375 Calvus
506 315 815 365 numerosior
859 316 1075 377 AsiniuS,
1125 316 1432 381 splendidior
1477 318 1671 379 Caesar,
1714 316 1925 368 amarior

259 396 470 456 Caelius,
498 396 688 460 gravior
713 394 907 458 Brutus,
934 397 1274 447 vehementior
1305 407 1355 447 et
1385 397 1576 463 plenior
1607 408 1656 448 et
1686 398 1925 448 valentior

259 475 435 526 Cicero
455 495 464 526 ε
501 493 676 527 omnes
695 486 863 527 tamen
887 479 1099 528 eandem
1123 477 1383 528 sanitatem
1407 478 1718 542 eloquentiae
1730 486 1858 542 prae
1878 496 1926 529 se

257 558 431 617 ferunt,
471 566 526 606 ut
561 557 602 606 si
640 557 866 607 omnium
903 558 1081 622 pariter
1121 558 1272 608 libros
1309 558 1362 607 in
1402 575 1605 608 manum
1642 560 1920 624 sumpseriS,

257 637 394 698 scias,
423 637 648 702 quamvis
681 638 733 687 in
761 638 965 688 diversis
997 638 1218 703 ingeniis,
1247 655 1355 688 esse
1383 640 1634 703 quandam
1666 638 1835 689 iudicii
1864 657 1924 689 ac
1946 657 1968 696 5

208 735 230 774 5
256 718 521 767 voluntatis
547 718 923 769 similitudinem
938 728 988 769 et
1005 719 1365 784 cognationem.
1421 736 1538 768 nam
1557 721 1694 784 quod
1712 719 1924 770 invicem

256 816 309 848 se
342 801 741 850 obtrectaverunt
770 810 820 850 et
847 809 962 850 sunt
993 801 1158 865 aliqua
1186 800 1406 865 epistulis
1439 817 1609 850 eorum
1645 799 1838 861 inserta,
1866 817 1926 850 ex

257 880 437 944 quibus
463 891 636 931 mutua
660 882 938 946 malignitas
963 881 1216 946 detegitur,
1245 898 1348 930 non
1373 890 1446 930 est
1471 890 1719 930 oratorum
1734 879 1921 941 vitium,

206 971 231 1012 6
256 964 344 1012 sed
370 963 643 1013 hominum.
717 981 835 1012 nam
854 973 903 1013 et
923 965 1133 1014 Calvum
1158 971 1207 1012 et
1225 962 1454 1011 Asinium
1480 970 1528 1011 et
1551 961 1714 1026 ipsum
1731 961 1925 1012 Cicero-

255 1062 371 1096 nem
407 1047 557 1094 credo
590 1044 761 1094 solitos
791 1054 839 1094 et
871 1044 1091 1101 invidere
1123 1053 1173 1093 et
1207 1043 1355 1093 livere
1387 1053 1436 1093 et
1469 1043 1640 1093 ceteris
1677 1045 1924 1092 humanae
1952 1059 2001 1088 ιο

255 1125 549 1175 infirmitatis
587 1126 716 1175 vitiis
757 1126 938 1176 adfici:
980 1127 1141 1175 solum
1179 1125 1304 1174 inter
1341 1125 1433 1174 hos
1469 1124 1676 1174 arbitror
1714 1126 1923 1173 Brutum

255 1224 358 1255 non
383 1206 686 1270 malignitate
710 1224 805 1256 nec
837 1206 1033 1267 invidia,
1062 1208 1151 1255 sed
1184 1205 1470 1269 simpliciter
1493 1215 1542 1255 et
1565 1205 1778 1269 ingenue
1801 1204 1924 1255 iudi-

210 1293 231 1337 7
256 1287 387 1337 cium
411 1288 564 1337 animi
584 1287 659 1337 sui
679 1288 935 1337 detexisse.
985 1305 1051 1336 an
1069 1287 1151 1336 ille
1170 1286 1401 1338 Ciceroni
1424 1285 1676 1347 invideret,
1696 1285 1782 1350 qui
1800 1284 1922 1335 mihi

255 1368 447 1418 videtur
485 1386 549 1418 ne
587 1368 789 1419 Caesari
826 1368 1032 1432 quidem
1073 1366 1306 1417 invidisse
1324 1369 1347 1415 Ρ
1415 1367 1553 1430 quod
1592 1367 1658 1416 ad
1699 1365 1921 1416 Servium

256 1451 468 1499 Galbam
494 1459 543 1499 et
568 1451 624 1501 C.
653 1449 879 1499 Laelium
911 1448 1098 1509 attinet,
1127 1457 1177 1498 et
1207 1448 1248 1497 si
1277 1464 1403 1512 quos
1434 1446 1557 1496 alios
1588 1445 1921 1511 antiquiorum
1949 1465 1996 1506 15

253 1530 435 1594 agitare
459 1547 562 1579 non
586 1530 786 1591 destitit,
814 1547 917 1579 non
942 1529 1088 1594 exigit
1112 1530 1436 1589 defensorem,
1465 1545 1579 1578 cum
1603 1529 1755 1576 fatear
1778 1543 1924 1591 quae-

254 1613 372 1661 dam
397 1612 710 1676 eloquentiae
734 1629 906 1662 eorum
929 1619 985 1661 ut
1007 1609 1231 1661 nascenti
1261 1611 1427 1660 adhuc
1455 1625 1550 1659 nec
1577 1607 1694 1658 satis
1723 1608 1923 1658 adultae

255 1691 484 1742 defuisse.

164 1773 233 1822 26
325 1776 559 1825 Ceterum
598 1774 638 1823 si
676 1774 861 1824 omisso
902 1773 1092 1838 optimo
1132 1773 1217 1823 illo
1259 1782 1309 1822 et
1348 1771 1703 1836 perfectissimo
1742 1786 1922 1836 genere

255 1855 568 1920 eloquentiae
627 1856 853 1920 eligenda
904 1855 966 1905 sit
1017 1857 1174 1905 forma
1230 1853 1444 1914 dicendi,
1495 1852 1664 1902 malim
1721 1853 1920 1902 hercule
1946 1873 1997 1902 κο

255 1938 310 1986 C.
341 1936 553 1985 Gracchi
577 1935 818 1999 impetum
849 1944 935 1984 aut
970 1938 1025 1984 L.
1055 1934 1219 1986 Crassi
1252 1934 1582 1983 maturitatem
1615 1949 1765 1998 quam
1797 1934 1921 1982 cala-

253 2015 448 2065 mistros
480 2015 786 2065 Maecenatis
818 2025 903 2064 aut
939 2015 1144 2064 tinnitus
1171 2014 1440 2065 Gallionis:
1476 2015 1605 2064 adeo
1638 2012 1813 2063 melius
1845 2021 1920 2063 est

253 2096 527 2146 orationem
551 2098 628 2145 vel
653 2095 779 2145 hirta
802 2105 917 2159 toga
940 2096 1146 2145 induere
1170 2113 1319 2159 quam
1348 2095 1523 2144 fucatis
1556 2104 1604 2144 et
1636 2093 1919 2144 meretriciis

208 2199 226 2225 2
252 2177 469 2227 vestibus
494 2176 738 2240 insignire.
812 2194 975 2241 neque
1000 2176 1132 2226 enirn
1157 2176 1395 2226 oratorius
1421 2175 1522 2236 iste,
1547 2176 1700 2224 immo
1719 2177 1917 2224 hercule

253 2276 315 2307 ne
340 2257 486 2307 virilis
513 2258 716 2321 quidem
742 2259 901 2306 cultus
927 2267 1012 2318 est,
1042 2274 1142 2321 quo
1167 2256 1386 2321 plerique
1419 2266 1698 2319 temporum
1730 2264 1917 2304 nostro-
1940 2274 1990 2314 25

252 2356 359 2388 rum
397 2347 586 2387 actores
630 2338 696 2386 ita
738 2347 952 2398 utuntur,
992 2347 1047 2386 ut
1087 2337 1284 2387 lascivia
1324 2337 1585 2387 verborum
1626 2345 1676 2385 et
1721 2335 1917 2385 levitate

251 2419 602 2469 sententiarum
647 2429 694 2468 et
739 2419 936 2469 licentia
977 2418 1349 2483 compositionis
1396 2416 1691 2467 histrionalis
1739 2417 1916 2475 modos

205 2515 227 2553 3
251 2501 535 2565 exprimant.
612 2502 847 2564 quodque
883 2500 962 2548 vix
996 2500 1168 2549 auditu
1204 2501 1276 2548 fas
1312 2516 1420 2548 esse
1455 2499 1647 2558 debeat,
1675 2497 1834 2546 laudis
1867 2505 1917 2546 et

249 2581 430 2646 gloriae
470 2591 518 2630 et
561 2581 743 2645 ingenii
785 2583 897 2631 loco
939 2580 1158 2644 plerique
1205 2580 1388 2629 iactant
1429 2577 1613 2628 cantari
1654 2576 1916 2640 saltarique

251 2661 631 2711 commentarios
665 2678 791 2711 suos
865 2662 999 2711 unde
1028 2660 1179 2710 oritur
1213 2659 1295 2709 illa
1330 2660 1477 2709 foeda
1505 2667 1555 2708 et
1585 2666 1910 2723 praepostera,
1939 2674 1989 2714 30

309 2803 326 2829 1
351 2790 571 2830 nervosior
586 2789 732 2828 Meiser
843 2802 868 2838 3
899 2802 999 2839 prae
1021 2801 1068 2827 se
1090 2788 1231 2827 serunt
1251 2786 1370 2828 And.
1393 2801 1403 2827 ι
1432 2787 1679 2838 praeferunt
1697 2785 1917 2825 Acidah'us

250 2858 275 2894 5
304 2846 414 2884 scias
435 2844 500 2883 B:
532 2843 662 2883 sciam
685 2847 766 2883 cett.
914 2856 935 2892 7
966 2855 1013 2882 se
1032 2842 1106 2882 del.
1130 2841 1355 2893 N17>perde32
1486 2853 1535 2880 1o
1565 2847 1608 2879 et
1630 2840 1819 2880 invidere
1839 2839 1913 2879 del.

249 2899 355 2937 idem
480 2898 613 2937 livore
645 2897 779 2936 Ritter
972 2909 1015 2935 11
1052 2896 1230 2936 Brutum
1262 2895 1387 2935 Put.:
1430 2900 1582 2943 utrum,
1617 2906 1762 2934 uerum
1798 2892 1910 2934 codd.

255 2955 303 2991 16
332 2952 573 3044 Αρεπῶηίε
600 2951 760 3000 agitare
792 2949 883 2989 add.
910 2949 957 2989 P.
986 2950 1094 2990 Voss.
1286 2962 1338 2999 23
1367 2949 1602 2989 orationem
1635 2947 1781 2988 Anda.
1821 2961 1911 2988 ora-

251 3013 384 3045 torem
406 3020 464 3045 coc
507 3037 514 3045 .
