2138 3470
587 167 944 216 DIALOGUS
982 168 1077 214 DE
1114 166 1574 217 ORATORIBUS

251 321 429 368 genera
463 303 675 354 dicendi;
749 304 818 353 sic
854 303 1033 354 Catoni
1071 304 1175 353 seni
1217 313 1528 368 comparatus
1569 306 1624 354 C.
1659 307 1911 354 Gracchus

251 384 441 449 plenior
471 393 520 434 et
556 384 762 445 uberior,
799 384 868 434 sic
904 387 1130 434 Graccho
1154 385 1350 449 politior
1374 394 1422 434 et
1447 385 1661 434 ornatior
1691 388 1908 447 Crassus,

252 464 322 514 sic
346 474 555 529 utroque
578 464 852 514 distinctior
880 474 928 515 et
960 465 1191 515 urbanior
1214 475 1262 515 et
1285 465 1428 515 altior
1453 466 1641 527 Cicero,
1672 466 1912 516 Cicerone

252 544 414 595 mitior
452 545 693 596 Corvinus
731 555 780 596 et
817 546 1007 596 dulcior
1043 555 1092 596 et
1128 546 1180 596 in
1217 546 1376 597 verbis
1424 547 1577 613 magis
1619 548 1908 597 elaboratus.

205 639 228 680 5
252 643 345 675 nec
382 643 564 690 quaero
599 625 708 690 quis
746 626 1120 677 disertissimus:
1167 629 1264 676 hoc
1299 627 1494 677 interim
1530 629 1765 692 probasse
1800 646 1914 677 con·
1936 643 1958 679 3

252 716 415 756 tentus
440 723 562 767 sum,
590 724 692 756 non
728 724 834 757 esse
869 725 1024 757 unum
1053 707 1364 772 eloquentiae
1388 711 1591 769 vultum,
1620 710 1708 757 sed
1737 708 1788 756 in
1820 708 1913 758 illis

253 804 453 852 quoque
499 805 624 852 quos
665 788 849 837 vocatis
895 788 1126 852 antiquos
1167 789 1318 852 pluris
1359 788 1548 853 species
1591 788 1909 852 deprehendi,

252 885 346 917 nec
391 868 554 917 statim
596 868 809 918 deterius
850 886 957 918 esse
998 870 1134 932 quod
1175 868 1422 918 diversum
1464 878 1549 928 est,
1592 868 1709 917 vitio
1747 878 1912 918 autem

254 948 565 1013 malignitatis
603 950 848 998 humanae
872 958 1035 998 vetera
1058 966 1252 1012 semper
1284 948 1336 997 in
1371 950 1531 1009 laude,
1560 948 1834 1012 praesentia
1863 948 1913 997 in

183 1043 232 1072 10
253 1029 450 1079 fastidio
491 1046 609 1078 esse.
682 1047 802 1078 num
844 1029 1128 1079 dubitamus
1164 1029 1390 1078 inventos
1437 1029 1523 1092 qui
1564 1046 1679 1092 prae
1722 1031 1913 1078 Catone
1936 1049 1962 1087 4

254 1109 472 1174 Appium
506 1111 724 1159 Caecum
757 1109 909 1174 magis
940 1109 1262 1158 mirarentur?
1331 1108 1446 1157 satis
1471 1118 1664 1157 constat
1689 1126 1751 1157 ne
1778 1109 1915 1158 Cice-

253 1189 361 1239 roni
385 1189 585 1253 quidem
611 1190 960 1239 obtrectatores
979 1188 1206 1249 defuisse,
1224 1189 1404 1252 quibus
1424 1188 1620 1238 inflatus
1646 1198 1694 1237 et
1719 1197 1913 1237 tumens

253 1288 346 1321 nec
370 1270 484 1320 satis
509 1287 715 1334 pressus,
743 1272 831 1320 sed
857 1287 1002 1335 supra
1025 1271 1232 1319 modum
1264 1271 1511 1319 exsultans
1536 1278 1584 1318 et
1609 1270 1914 1332 superfluens

255 1361 304 1401 et
328 1369 499 1415 parum
524 1351 717 1400 Atticus
735 1351 990 1400 videretur.
1063 1349 1244 1414 legistis
1268 1350 1439 1413 utique
1463 1359 1512 1399 et
1538 1349 1678 1400 Calvi
1702 1358 1751 1398 et
1777 1348 1914 1398 Bruti
1938 1362 1960 1401 5

184 1447 232 1489 15
255 1434 320 1482 ad
345 1432 637 1483 Ciceronem
674 1432 845 1482 missas
881 1431 1126 1495 epistulas,
1154 1449 1214 1480 ex
1247 1430 1427 1495 quibus
1460 1430 1602 1479 facile
1638 1440 1711 1479 est
1747 1432 1915 1494 depre-

255 1515 471 1563 hendere
519 1515 727 1563 Calvum
785 1512 987 1576 quidem
1038 1511 1267 1562 Ciceroni
1312 1511 1471 1560 visum
1523 1528 1819 1575 exsanguem
1867 1520 1914 1560 et

253 1594 458 1654 aridum,
480 1597 686 1643 Brutum
710 1603 875 1642 autem
900 1592 1114 1642 otiosum
1136 1602 1286 1655 atque
1308 1592 1585 1641 diiunctum
1603 1611 1617 1652 ,-
1652 1608 1914 1654 rursusque

255 1674 547 1726 Ciceronem
570 1691 601 1724 a
625 1676 779 1725 Calvo
803 1673 1006 1737 quidem
1038 1675 1166 1722 male
1188 1672 1384 1722 audisse
1407 1681 1662 1736 tamquam
1698 1674 1914 1721 solutum

255 1764 304 1806 et
328 1772 568 1816 enervem,
595 1772 625 1804 a
650 1758 803 1804 Bruto
834 1763 1014 1815 autem,
1041 1762 1096 1803 ut
1127 1753 1280 1817 ipsius
1314 1752 1476 1802 verbis
1511 1761 1631 1812 utar,
1660 1761 1914 1815 tamquam

185 1852 234 1879 20
259 1837 509 1885 “fractum
544 1844 693 1899 atque
728 1835 1022 1884 elumbem.''
1091 1833 1132 1883 si
1168 1850 1248 1883 me
1282 1833 1561 1896 interroges,
1591 1849 1765 1881 omnes
1794 1830 1915 1879 mihi
1937 1836 1961 1876 6

255 1915 482 1966 videntur
504 1933 673 1965 verum
697 1915 904 1965 dixisse:
941 1916 1029 1964 sed
1062 1931 1177 1964 mox
1207 1915 1272 1964 ad
1304 1913 1521 1979 singulos
1545 1912 1753 1973 veniam,
1781 1928 1915 1961 nunc

256 1995 377 2045 mihi
401 2014 515 2046 cum
539 1996 774 2046 universis
798 1995 1049 2061 negotium
1075 2005 1160 2045 est.

325 2079 456 2127 Nam
480 2086 721 2141 quatenus
752 2076 1066 2141 antiquorum
1100 2075 1419 2126 admiratores
1441 2076 1576 2124 hunc
1599 2076 1733 2123 velut
1757 2071 1916 2122 termi-
1938 2084 1997 2131 19

258 2174 378 2207 num
401 2157 703 2222 antiquitatis
727 2158 1022 2207 constituere
1040 2159 1212 2216 solent,
1232 2156 1316 2220 qui
1339 2172 1496 2219 usque
1518 2157 1584 2205 ad
1610 2154 1911 2213 Cassium**,

186 2253 235 2294 25
259 2254 408 2302 quem
449 2256 586 2288 reum
623 2238 819 2298 faciunt,
862 2255 1010 2301 quem
1056 2237 1268 2301 primum
1314 2237 1576 2285 adfirmant
1621 2234 1812 2283 flexisse
1851 2234 1915 2282 ab

258 2317 341 2367 illa
363 2328 525 2369 vetere
559 2328 708 2382 atque
743 2318 928 2368 directa
960 2317 1159 2367 dicendi
1182 2316 1271 2377 via,
1300 2333 1402 2365 non
1431 2314 1710 2364 infirmitate
1733 2314 1917 2378 ingenii

259 2417 352 2448 nec
375 2400 566 2450 inscitia
589 2400 855 2449 litterarum
880 2397 1181 2448 transtulisse
1210 2414 1262 2445 se
1285 2398 1350 2445 ad
1381 2395 1515 2444 aliud
1540 2394 1739 2443 dicendi
1761 2411 1916 2458 genus

243 2482 522 2541 contendo,
550 2482 639 2530 sed
663 2480 847 2530 iudicio
882 2488 930 2528 et
958 2478 1220 2527 intellectu.
1292 2475 1413 2525 vidit
1436 2492 1664 2538 namque,
1691 2483 1746 2523 ut
1769 2476 1917 2538 paulo
1943 2494 1963 2520 2

260 2569 374 2610 ante
421 2561 662 2621 dicebam,
707 2578 821 2610 cum
873 2559 1168 2609 condicione
1219 2567 1498 2621 temporum
1545 2564 1594 2604 et
1640 2554 1918 2604 diversitate

190 2656 241 2696 30
260 2640 450 2690 aurium
491 2644 699 2692 formam
737 2658 937 2706 quoque
971 2658 1030 2690 ac
1067 2639 1283 2704 speciem
1319 2636 1552 2687 orationis
1588 2652 1695 2684 esse
1730 2644 1919 2684 mutan-

315 2771 343 2808 6
370 2771 413 2808 in
433 2769 514 2809 B²z
556 2783 639 2811 om.
670 2774 751 2808 cett.
952 2781 1001 2807 10
1030 2781 1131 2817 prae
1164 2766 1345 2804 Groslot:
1388 2778 1466 2814 pro
1495 2762 1633 2803 codd.:
1675 2763 1826 2801 Porcio
1855 2760 1913 2802 ed.

261 2822 423 2874 Bipont.
594 2837 639 2863 11
672 2823 805 2874 magis
846 2821 922 2861 del.
961 2820 1250 2869 Schurzfleisch
1433 2832 1481 2867 14
1510 2818 1677 2857 Atticus
1717 2816 1915 2855 Ursinus:

263 2878 459 2927 antiquus
479 2877 586 2917 codd.
720 2890 766 2926 17
797 2876 959 2916 aridum
979 2874 1218 2926 Schulting:
1249 2873 1436 2913 attritum
1456 2871 1565 2911 codd.
1706 2883 1759 2908 20
1789 2870 1917 2908 inter-

264 2943 388 2980 rogas
413 2931 488 2970 CD
632 2945 682 2980 24
712 2930 804 2981 qui]
824 2942 951 2980 quem
969 2929 1066 2969 Put.
1207 2940 1259 2977 25
1289 2940 1411 2977 quern
1433 2924 1573 2976 reum]
1595 2925 1800 2963 Severum
1820 2922 1914 2961 Put.

197 2991 199 2994 '
265 2986 319 3022 26
347 2990 471 3033 atque
495 2985 655 3025 directa
675 2985 762 3025 secl.
789 2983 894 3024 Gud.
1060 2995 1110 3032 27
1142 2981 1255 3021 aliud
1275 2981 1316 3018 A
1324 2980 1389 3019 nd.
1413 2994 1420 3018 :
1451 2980 1553 3019 illud
1575 2978 1683 3017 codd.
