2138 3470
874 191 1257 239 GERMANIA

304 329 549 393 Quotiens
589 331 717 379 bella
748 347 850 380 non
884 329 1069 391 ineunt,
1105 348 1206 380 non
1240 332 1449 380 multum
1482 330 1754 391 venatibuS,
1781 334 1890 394 plus
1912 343 1967 393 15

235 428 323 477 per
362 410 519 462 otium
561 409 846 474 transigunt,
896 410 1051 462 dediti
1098 428 1276 461 somno
1323 410 1551 476 ciboque,
1599 411 1891 461 fortissimus

235 491 446 558 quisque
479 509 538 542 ac
573 491 974 543 bellicosissimus
1011 492 1134 542 nihil
1169 510 1333 557 agens,
1369 494 1595 557 delegata
1628 494 1808 543 domus
1843 502 1892 542 et

235 574 488 638 penatium
524 583 572 624 et
607 591 833 638 agrorum
870 591 987 624 cura
1021 574 1217 625 feminis
1253 573 1555 638 senibusque
1590 583 1638 623 et
1670 573 1893 623 infirmis-

188 672 212 715 5
235 654 362 706 simo
386 654 566 719 cuique
590 672 649 705 ex
666 655 850 705 familia
872 674 882 705 ε
906 655 1000 720 ipsi
1019 656 1218 717 hebent,
1237 655 1359 705 mira
1377 654 1656 706 diversitate
1674 663 1889 716 naturae,

235 735 508 787 cumidem
533 736 760 787 homines
785 736 855 786 sic
886 746 1054 787 ament
1086 737 1311 787 inertiam
1345 746 1393 787 et
1428 736 1622 787 oderint
1657 735 1888 800 quietem.

234 834 345 867 -mos
369 826 443 868 est
480 817 757 868 civitatibus
790 820 917 868 ultro
949 835 1008 868 ac
1040 817 1218 867 viritim
1244 819 1464 867 conferre
1487 816 1791 881 principibus
1815 818 1892 866 vel
1920 840 1939 867 2

236 908 570 949 armentorum
594 901 671 950 vel
700 901 907 963 frugum,
933 889 1073 964 quod
1104 916 1194 963 pro
1226 901 1415 949 honore
1451 907 1711 962 acceptum
1744 897 1892 948 etiam

238 980 610 1030 necessitatibus
657 980 897 1030 subvenit.
992 982 1209 1045 gaudent
1266 978 1528 1044 praecipue
1575 979 1891 1028 finitimarum
1918 1001 1941 1041 3

167 1079 217 1109 10
237 1061 458 1126 gentium
493 1061 653 1122 doniS,
688 1075 816 1126 quae
853 1079 954 1113 non
992 1064 1145 1112 modo
1180 1079 1210 1111 a
1244 1061 1460 1125 singuliS‚
1488 1062 1576 1111 sed
1612 1070 1660 1110 et
1695 1059 1893 1124 publice

237 1141 509 1203 mittuntur,
547 1141 691 1192 electi
725 1142 854 1207 equi,
893 1159 1072 1207 magna
1105 1159 1253 1203 arma,
1293 1143 1523 1206 phalerae
1563 1151 1893 1206 torquesque3

234 1222 335 1273 iam
358 1232 407 1273 et
429 1223 692 1288 pecuniam
715 1223 939 1288 accipere
964 1223 1239 1275 docuimus.

236 1336 242 1341 ·
303 1306 488 1355 Nullas
513 1307 873 1355 Germanorum
909 1305 1105 1370 populis
1140 1306 1287 1355 urbes
1322 1304 1531 1354 habitari
1566 1303 1681 1354 satis
1718 1313 1891 1354 notum
1916 1305 1975 1353 16

236 1395 324 1447 est,
351 1403 414 1436 ne
437 1385 539 1450 pati
570 1385 774 1450 quidem
806 1385 931 1436 inter
963 1403 1016 1436 se
1048 1386 1238 1436 iunctas
1274 1387 1430 1436 sedes,
1503 1387 1673 1435 colunt
1697 1383 1893 1435 discreti

167 1485 215 1528 15
236 1484 296 1516 ac
330 1466 522 1527 diversi,
559 1476 614 1516 ut
654 1468 779 1528 fonS,
819 1476 873 1517 ut
915 1484 1134 1531 campuS‚
1178 1476 1232 1517 ut
1273 1481 1448 1517 nemus
1489 1466 1685 1530 placuit.
1757 1465 1892 1516 vicos
1920 1488 1939 1516 2

237 1550 402 1598 locant
442 1565 544 1598 non
581 1548 632 1597 in
673 1557 896 1598 nostrum
938 1566 1126 1599 morem
1174 1548 1373 1599 conexis
1420 1557 1469 1597 et
1515 1547 1892 1598 cohaerentibus

234 1629 499 1680 aedificiis:
558 1646 698 1679 suam
745 1629 954 1694 quisque
1001 1631 1209 1680 domum
1258 1628 1416 1693 spatio
1463 1628 1748 1690 circumdat,
1792 1628 1893 1678 sive

234 1712 467 1760 adversus
491 1727 632 1760 casus
657 1710 781 1775 ignis
807 1711 1081 1761 remedium
1108 1710 1209 1760 sive
1233 1710 1426 1760 inscitia
1448 1709 1756 1760 aedificandi.
1829 1726 1893 1760 ne
1919 1730 1943 1769 3

235 1801 604 1842 caementorum
623 1792 826 1856 quidem
842 1795 976 1857 apud
995 1793 1105 1842 illos
1124 1802 1209 1841 aut
1227 1787 1499 1855 tegularum
1519 1808 1637 1840 usus
1657 1810 1666 1839 :
1692 1790 1894 1840 materia

166 1892 218 1923 20
236 1875 302 1924 ad
325 1875 493 1924 omnia
516 1884 719 1926 utuntur
737 1874 934 1926 informi
955 1884 1002 1924 et
1023 1873 1142 1923 citra
1161 1872 1375 1937 speciem
1395 1881 1479 1921 aut
1495 1871 1888 1922 delectationem.

236 1958 481 2020 quaedam
519 1959 629 2007 loca
665 1956 946 2021 diligentius
982 1955 1196 2004 inlinunt
1231 1963 1357 2004 terra
1383 1953 1452 2003 ita
1485 1970 1608 2017 pura
1641 1970 1701 2002 ac
1735 1955 1894 2017 splen-

235 2039 399 2099 dente,
426 2049 480 2089 ut
516 2040 756 2104 picturam
790 2057 849 2089 ac
873 2038 1161 2088 liniamenta
1185 2038 1407 2086 colorum
1431 2035 1659 2084 imitetur.
1733 2036 1893 2084 solent
1915 2054 1941 2093 4

236 2127 285 2168 et
316 2120 658 2171 subterraneos
692 2138 868 2186 specus
901 2119 1088 2184 aperire
1127 2135 1313 2181 eosque
1348 2118 1505 2166 multo
1538 2115 1738 2179 insuper
1771 2117 1891 2165 fimo

236 2211 456 2262 onerant,
495 2202 758 2266 suffugium
798 2201 976 2251 hiemis
1017 2211 1066 2250 et
1103 2199 1467 2262 receptaculum
1504 2196 1738 2260 frugibus,
1776 2196 1893 2260 quia

166 2298 214 2340 25
237 2280 444 2345 rigorem
481 2282 712 2347 frigorum
755 2283 860 2333 eius
900 2281 1036 2332 modi
1078 2280 1199 2330 locis
1239 2278 1480 2338 molliunt,
1518 2287 1567 2327 et
1608 2277 1648 2327 si
1690 2278 1891 2340 quando

236 2363 391 2413 hostis
426 2365 639 2425 advenit,
676 2373 845 2428 aperta
878 2365 1154 2428 populatur,
1194 2360 1364 2410 abdita
1403 2368 1569 2409 autem
1607 2368 1655 2409 et
1696 2360 1894 2408 defossa

234 2453 319 2494 aut
372 2436 666 2509 ignorantur
727 2455 812 2495 aut
878 2462 940 2495 eo
1003 2444 1112 2508 ipso
1167 2444 1350 2491 ⁷fallunt
1408 2442 1546 2505 quod
1611 2439 1893 2504 quaerenda

235 2533 362 2576 sunt.

302 2607 543 2673 Tegimen
579 2608 812 2659 omnibus
848 2625 1019 2672 sagum
1055 2607 1209 2656 fibula
1243 2613 1340 2665 aut,
1368 2602 1409 2653 si
1441 2601 1581 2663 desit,
1608 2599 1750 2665 spina
1777 2617 1891 2650 con·
1913 2612 1965 2662 17

163 2705 215 2749 30
236 2699 448 2741 sertum:
485 2699 647 2740 cetera
669 2688 840 2739 intecti
864 2698 995 2738 totos
1028 2687 1133 2738 dies
1165 2685 1299 2735 iuxta
1334 2685 1502 2735 focum
1540 2691 1689 2746 atque
1726 2680 1891 2745 ignem

236 2781 399 2835 agunt.
473 2770 845 2836 locupletissimi
891 2779 1027 2820 veste
1074 2767 1454 2832 distinguuntur,
1504 2782 1606 2815 non
1653 2761 1889 2821 fluitante,

291 2910 317 2951 3
345 2905 389 2940 et
409 2914 490 2942 om.
514 2887 567 2939 D⁴
686 2900 736 2938 16
762 2899 939 2949 longant
958 2897 1075 2936 ΑῙΒι
1198 2908 1250 2935 22
1278 2893 1536 2934 lineamenta
1554 2893 1646 2932 AD
1728 2891 1891 2930 imiten-

197 2990 200 2994 .
237 2959 308 2993 tur
329 2954 366 2994 C
434 2973 438 2976 ·
507 2968 559 3004 24
589 2954 741 2994 hiemis
761 2950 1066 3006 Reff’rscheid:
1096 2949 1224 2990 hiemi
1247 2949 1354 2989 codd.
1499 2959 1551 2999 25
1579 2947 1660 2987 loci
1681 2945 1894 2985 Acidalius

238 3009 293 3047 26
319 3013 462 3048 autem
482 3009 572 3049 secl.
591 3008 780 3048 Muretus
942 3019 996 3057 29
1025 3011 1223 3056 tegumen
1245 3003 1354 3046 codd.
