2132 3464
769 186 1172 235 PRAEFATIO

137 339 235 386 que
281 323 611 374 correctiones
649 341 679 375 e
715 324 975 375 codicibus
1011 328 1069 375 X
1099 325 1290 389 generis
1337 335 1468 376 ortas
1515 328 1650 377 haud
1695 342 1804 376 raro

135 418 400 468 admiserit.
476 418 709 482 Denique
732 418 839 482 ipse
862 421 920 468 X
938 429 987 469 et
1027 421 1077 468 Υ
1087 420 1321 484 descripti
1344 420 1494 470 fuisse
1526 421 1806 471 iudicantur

136 529 165 562 e
187 521 382 562 vetusto
407 515 627 576 quodam
658 513 833 563 codice
861 530 1012 577 quem
1037 514 1139 564 sive
1165 514 1240 579 (ut
1263 532 1294 564 a
1318 517 1547 564 Pontano
1570 515 1804 566 traditum

136 605 231 670 est)
287 607 566 655 Henochus
614 608 909 668 Asculanus,
959 607 1062 656 sive
1109 607 1185 673 (ut
1242 609 1539 658 recentiores
1599 609 1803 673 quidam

136 699 290 748 critici
343 699 742 749 existimaverunt
759 699 795 765 ³)
855 700 1052 763 ignotus
1110 700 1287 764 aliquis
1345 719 1374 751 e
1433 703 1700 752 Germania
1751 704 1802 753 in

138 793 332 842 Italiam
369 794 498 842 circa
533 810 578 842 A.
599 809 647 842 D.
694 808 818 858 1457
857 794 1030 843 attulit.

203 890 434 938 Alfredus
491 890 700 949 Holder,
754 888 806 937 in
857 898 993 938 textu
1047 889 1193 940 huius
1248 890 1402 941 libelli
1453 892 1804 944 constituendo

136 982 325 1049 (1878),
364 983 519 1033 tribus
557 983 866 1034 Germanicis
902 984 1162 1035 codicibus
1197 1003 1378 1050 magna
1415 1003 1475 1036 ex
1510 998 1648 1051 parte
1686 1005 1804 1038 usus

132 1089 220 1141 est,
247 1079 433 1130 scilicet
468 1080 829 1130 Hummeliano
860 1079 1028 1147 (nunc,
1063 1090 1118 1130 ut
1154 1081 1360 1142 videtur,
1401 1083 1674 1146 deperdito,
1714 1086 1803 1134 sed

133 1192 192 1225 ex
233 1175 580 1225 collationibus
619 1175 912 1236 Hummelii,
955 1176 1197 1239 Longolii,
1239 1176 1458 1240 Sellingii
1492 1177 1802 1241 aliquatenus

132 1271 474 1337 restituendo),
503 1271 814 1332 Monacensi,
842 1271 1195 1335 Stutgartensi:
1231 1288 1443 1335 quorum
1467 1273 1628 1336 primo
1652 1273 1801 1323 etiam

135 1367 374 1418 Aemilius
434 1368 671 1427 Bahrens,
732 1365 877 1416 tertio
935 1365 1216 1429 nuperrime
1265 1368 1516 1417 Iohannes
1576 1369 1753 1418 Holub
1767 1367 1798 1429 ²,

133 1481 363 1527 magnam
387 1463 730 1512 auctoritatem
754 1462 1041 1511 tribuerunt.
1116 1463 1216 1511 Sed
1239 1478 1299 1511 ex
1330 1462 1576 1512 uberrima
1600 1462 1802 1513 Ricardi

132 1558 418 1609 Wuenschii
447 1557 814 1621 disputatione3
839 1559 903 1607 de
926 1557 1003 1606 his
1035 1556 1192 1606 tribus
1223 1566 1273 1607 et
1296 1555 1679 1608 Vindobonensi
1707 1572 1797 1621 711
1865 1591 1868 1596 -

133 1656 269 1722 (cum
295 1653 658 1704 Hummeliano
690 1653 868 1703 artiore
892 1655 1110 1716 quadam
1143 1653 1399 1703 adfinitate
1431 1652 1644 1719 conexo)
1669 1653 1801 1703 colli-

131 1753 258 1816 gitur
292 1753 385 1800 hos
424 1767 598 1800 omnes
638 1749 739 1799 sive
775 1767 835 1798 ex
869 1748 1194 1798 deterioribus
1246 1750 1297 1798 Y
1316 1749 1507 1812 generis
1543 1749 1800 1799 codicibus

131 1847 232 1896 sive
268 1863 327 1895 ex
361 1845 513 1894 mixta
548 1845 764 1908 quadam
799 1843 948 1907 stirpe
982 1852 1116 1893 ortos
1149 1851 1198 1892 et
1232 1844 1298 1893 ad
1332 1852 1520 1893 textum
1555 1843 1800 1893 stabilien-

130 1943 251 1991 dum
290 1939 425 2004 parvi
466 1938 802 1988 aestimandos
841 1955 980 1987 esse:
1029 1937 1198 2001 itaque
1237 1954 1341 1987 non
1379 1938 1473 1987 nisi
1511 1937 1799 2002 insigniores

130 2051 302 2084 eorum
338 2033 595 2083 varietates
634 2032 825 2098 (litteris
863 2034 931 2081 H.
969 2034 1041 2081 M.
1078 2033 1124 2081 S.
1158 2034 1217 2080 V.
1246 2032 1475 2096 notatas),
1515 2033 1798 2097 praesertim

133 2128 475 2179 Hummeliani
527 2128 578 2177 in
626 2127 927 2191 quibusdam
975 2109 1186 2191 propriis
1233 2128 1559 2178 Germanicae
1604 2128 1799 2193 linguae

131 2225 416 2274 nominibus
444 2224 523 2285 (cf.
552 2240 592 2273 c.
622 2241 641 2272 1
666 2242 679 2284 3
718 2222 800 2287 28)
827 2223 1098 2272 citavimus.
1174 2224 1318 2272 Idem
1343 2223 1612 2273 dicendum
1637 2233 1711 2274 est
1734 2226 1799 2275 de

129 2319 374 2368 Vaticano
399 2322 530 2381 4498
559 2318 660 2383 (Δ),
688 2319 752 2367 de
784 2334 886 2381 quo
919 2318 1067 2367 etiam
1093 2317 1144 2366 in
1178 2318 1480 2381 praefatione
1511 2320 1576 2368 ad
1600 2319 1798 2382 Agrico-

128 2416 226 2462 lam
252 2413 549 2476 scripsimus.

197 2511 274 2557 De
309 2508 416 2557 aliis
454 2508 754 2572 quibusdam
792 2525 963 2572 parum
1001 2507 1224 2572 cognitis,
1264 2508 1365 2557 sive
1399 2525 1429 2558 a
1471 2510 1797 2559 Massmanno

125 2602 243 2652 olim
288 2602 463 2667 (1847)
508 2603 757 2663 adhibitis,
803 2603 905 2652 sive
951 2602 1196 2652 recentius
1243 2602 1457 2666 repertis,
1503 2603 1797 2653 consulendi

180 2740 191 2763 ¹
221 2741 381 2780 Contra
401 2740 560 2790 Voigtii
585 2741 845 2792 aliorumque
866 2742 919 2781 de
947 2742 1026 2781 hac
1054 2754 1100 2781 re
1127 2741 1413 2781 dubitationes
1442 2741 1685 2791 nuperrime
1714 2742 1795 2781 dis-

126 2805 288 2855 putavit
312 2804 367 2845 M.
396 2804 614 2844 Lehnerdt
637 2806 842 2856 (Hermes
864 2806 1015 2855 xxxiii,
1043 2806 1161 2855 1898,
1184 2818 1255 2856 pp.
1277 2805 1502 2856 499—505).

178 2869 194 2892 ²
222 2869 368 2919 Progr.
395 2868 651 2921 Weidenan,
681 2871 931 2921 1892-1894.

180 2934 194 2956 ³
227 2934 291 2973 De
324 2934 454 2974 Taciti
487 2933 742 2974 Germaniae
772 2935 986 2974 codicibus
1016 2934 1293 2985 Germanicis,
1330 2933 1582 2974 Dissertatio
1615 2934 1795 2984 Inaugu·

128 2997 240 3047 ralis,
267 2998 485 3049 Marpurgi
507 2999 738 3050 Cattorum,
770 3002 884 3049 1893.

1819 3033 1851 3044 ια
