2138 3470
873 169 1258 219 GERMANIA

235 312 409 363 ferenS.
481 311 523 362 si
567 313 692 362 forte
737 311 992 375 prolapsus
1040 318 1126 370 est,
1170 308 1327 359 attolli
1374 317 1422 358 et
1464 308 1712 373 insurgere
1758 310 1893 358 haud

234 392 455 444 licitum:
504 408 593 458 per
623 394 831 442 humum
864 393 1166 441 evolvuntur.
1240 403 1403 454 eoque
1427 389 1589 440 omnis
1614 390 1894 453 superstitio
1919 406 1944 446 4

233 474 445 539 respicit,
472 483 726 539 tamquam
763 474 881 524 inde
919 473 1057 523 initia
1093 472 1266 537 gentis,
1302 472 1371 521 ibi
1408 481 1635 535 regnator
1670 470 1895 520 omnium

233 557 372 617 deuS,
410 564 572 606 cetera
608 554 829 605 subiecta
865 564 1014 618 atque
1050 554 1283 618 parentia.
1355 552 1507 603 adicit
1553 551 1894 602 auctoritatem

188 653 212 694 5
233 638 431 687 fortuna
454 638 790 687 Semnonum:
827 644 1027 685 centum
1052 635 1164 698 pagi
1199 634 1258 684 iis
1287 633 1585 694 habitantur,
1612 649 1894 697 magnoque

233 735 439 783 corpore
462 718 668 767 efficitur
690 726 745 767 ut
769 734 821 767 se
846 717 1122 766 Sueborum
1148 725 1296 780 caput
1320 716 1535 765 credant.

302 802 488 852 Contra
547 800 900 863 Langobardos
957 798 1178 862 paucitas
1237 797 1494 847 nobilitat:
1553 795 1775 860 plurimis
1833 812 1891 845 ac
1912 805 1984 853 40

233 881 577 932 valentissimis
633 881 916 930 nationibus
972 880 1121 930 cincti
1176 897 1278 929 non
1325 895 1413 943 per
1459 878 1755 942 obsequium
1803 878 1892 926 sed

234 963 431 1028 proeliis
477 979 536 1012 ac
582 962 904 1026 periclitando
952 960 1044 1021 tuti
1100 970 1226 1011 sunt.
1302 960 1553 1023 Reudigni
1608 959 1790 1009 deinde
1845 968 1894 1008 et

163 1057 214 1087 10
234 1045 453 1095 Aviones
490 1053 539 1094 et
576 1043 741 1107 Anglii
779 1053 828 1093 et
865 1043 1036 1092 Varini
1078 1052 1126 1092 et
1170 1045 1396 1092 Eudoses
1438 1051 1487 1091 et
1529 1043 1809 1091 Suardones
1845 1050 1894 1089 et

235 1125 516 1176 Nuithones
554 1124 840 1174 fluminibus
864 1133 950 1174 aut
974 1123 1106 1174 silvis
1132 1123 1436 1173 muniuntur.
1509 1139 1603 1172 nec
1627 1121 1893 1186 quicquam
1921 1141 1940 1168 2

234 1207 452 1257 notabile
475 1206 527 1255 in
551 1206 767 1270 singulis,
795 1205 889 1256 nisi
922 1208 1060 1270 quod
1088 1205 1140 1255 in
1166 1222 1432 1255 commune
1457 1206 1717 1264 Nerthum,
1743 1203 1796 1252 id
1821 1213 1895 1253 est

233 1291 437 1338 Terram
456 1296 676 1348 matrem,
698 1288 867 1337 colunt
892 1303 1102 1351 eamque
1126 1286 1419 1336 intervenire
1444 1286 1590 1335 rebus
1614 1284 1891 1346 hominum,

233 1368 400 1420 invehi
440 1369 635 1434 populis
672 1368 976 1418 arbitrantur.
1050 1377 1124 1418 est
1170 1368 1221 1417 in
1269 1367 1430 1417 insula
1471 1366 1661 1417 Oceani
1702 1376 1892 1416 castum

162 1462 211 1506 15
235 1467 424 1511 nemuS‚
472 1449 790 1513 dicatumque
835 1449 887 1498 in
934 1465 996 1499 eo
1042 1449 1338 1509 vehiculum,
1388 1457 1524 1498 veste
1578 1457 1863 1498 contectum
1881 1466 1895 1509 3

233 1531 471 1595 attingere
517 1530 603 1580 uni
649 1521 891 1581 sacerdoti
942 1546 1247 1580 concessum.
1337 1528 1379 1579 is
1431 1531 1608 1579 adesse
1654 1530 1892 1593 penetrali
1919 1541 1941 1579 3

234 1613 380 1661 deam
418 1606 655 1674 intellegit
685 1620 976 1675 vectamque
1008 1597 1172 1660 bubus
1204 1609 1400 1660 feminis
1434 1612 1589 1659 multa
1613 1627 1727 1659 cum
1752 1627 1894 1660 vene-

233 1692 423 1743 ratione
445 1692 766 1757 prosequitur.
817 1692 932 1742 laeti
956 1700 1076 1742 tunc
1100 1691 1222 1753 dies,
1249 1693 1373 1741 festa
1396 1693 1519 1753 loca,
1547 1708 1892 1755 quaecumque

232 1775 449 1824 adventu
472 1773 788 1838 hospitioque
825 1773 1065 1837 dignatur.
1138 1788 1241 1823 non
1266 1773 1396 1822 bella
1419 1772 1605 1833 ineunt,
1633 1789 1735 1821 non
1758 1789 1893 1822 arma
1915 1793 1941 1831 4

162 1868 211 1898 20
233 1862 435 1904 sumunt
451 1869 467 1915 3
501 1856 724 1904 clausum
747 1871 898 1904 omne
921 1856 1101 1904 ferrum
1118 1872 1132 1916 3
1172 1871 1268 1918 pax
1291 1863 1340 1903 et
1371 1853 1510 1917 quies
1543 1863 1662 1902 tunc
1700 1862 1889 1903 tantum

229 1928 364 1995 nota,
403 1943 523 1984 tunc
563 1944 756 1984 tantum
796 1945 973 1996 amata,
1013 1937 1178 1985 donec
1218 1935 1352 1985 idem
1395 1936 1624 1984 sacerdos
1667 1935 1889 1984 satiatam

232 2016 607 2067 conversatione
644 2017 924 2067 mortalium
971 2019 1117 2067 deam
1159 2019 1347 2079 templo
1394 2018 1580 2066 reddat.
1654 2033 1770 2066 mox
1816 2035 1892 2066 ve-
1916 2027 1937 2067 5

232 2095 453 2167 hiculum
491 2106 540 2147 et
563 2105 723 2147 vestes
755 2106 817 2158 et,
845 2092 886 2147 si
917 2100 1116 2148 credere
1144 2097 1277 2157 veliS,
1306 2114 1490 2146 numen
1515 2097 1677 2160 ipsum
1703 2107 1891 2148 secreto

231 2178 344 2228 lacu
387 2178 613 2228 abluitur.
687 2178 811 2228 servi
858 2178 1146 2238 ministrant,
1191 2194 1317 2240 quos
1365 2177 1529 2226 statim
1575 2177 1709 2227 idem
1756 2180 1890 2227 lacus

161 2275 208 2317 25
231 2259 405 2310 haurit.
475 2276 683 2309 arcanus
720 2259 838 2309 hinc
875 2268 1026 2309 terror
1062 2267 1330 2322 sanctaque
1362 2257 1649 2321 ignorantia,
1677 2258 1797 2321 quid
1830 2258 1891 2307 sit

231 2340 352 2391 illud
377 2343 515 2404 quod
539 2350 731 2390 tantum
756 2339 954 2404 perituri
978 2339 1158 2389 vident.

300 2424 366 2471 Et
395 2424 519 2471 haec
555 2421 760 2485 quidem
791 2438 902 2485 pars
934 2422 1210 2470 Sueborum
1235 2419 1286 2469 in
1311 2419 1571 2469 secretiora
1595 2419 1889 2469 Germaniae
1910 2430 1969 2478 41

231 2502 518 2566 porrigitur:
567 2502 779 2566 propior,
807 2510 875 2562 ut,
901 2517 1004 2565 quo
1034 2502 1189 2550 modo
1220 2497 1370 2563 paulo
1401 2510 1516 2550 ante
1541 2502 1790 2561 Rhenum,
1818 2499 1888 2550 sic

231 2600 367 2632 nunc
405 2582 690 2632 Danuvium
729 2598 918 2646 sequar,
956 2582 1423 2630 Hermundurorum
1457 2580 1639 2642 civitas,
1667 2582 1767 2630 fida
1791 2583 1891 2630 Ro-

160 2677 212 2717 30
235 2663 390 2714 manis
408 2681 422 2725 3
459 2680 619 2728 eoque
651 2661 767 2713 solis
801 2660 1161 2713 Germanorum
1191 2678 1292 2711 non
1318 2661 1368 2710 in
1393 2661 1496 2725 ripa
1520 2661 1887 2722 commercium,

291 2805 310 2833 1
343 2797 409 2833 est
427 2805 511 2835 om.
532 2792 578 2833 D
711 2805 736 2843 5
767 2792 866 2844 pagi
886 2791 936 2832 iis
955 2791 1134 2833 Brotier:
1165 2792 1289 2843 pagis
1307 2789 1419 2833 codd.
1551 2805 1573 2841 7
1604 2790 1890 2841 langobardos

233 2845 322 2886 H²z
363 2847 635 2897 largobardos
674 2847 825 2900 (logo-,
856 2847 1020 2899 longo-)
1053 2850 1134 2887 cett.
1301 2859 1329 2896 9
1358 2846 1426 2898 ac]
1462 2851 1505 2885 et
1536 2845 1612 2883 CD
1695 2845 1889 2894 reudigni

237 2898 480 2942 CHMSW:
501 2902 741 2952 veusdigni,
763 2901 993 2952 reusdigni,
1019 2900 1182 2950 reudigi
1202 2904 1282 2941 cett.
1417 2912 1465 2939 10
1494 2900 1687 2938 suarines
1707 2897 1891 2938 AB¹CD

198 2979 200 2983 -
238 2965 285 2991 11
317 2960 522 2994 nurtones
542 2955 603 2995 B:
649 2957 847 2995 nuitones
868 2954 923 2994 D¹
1147 2966 1197 2992 12
1226 2954 1422 2993 herthum
1443 2953 1533 2993 H²z
1577 2953 1767 2992 neithum
1787 2951 1889 2990 AB¹

238 3016 288 3056 15
318 3020 369 3047 eo
390 3007 550 3049 Rhen.:
582 3022 631 3049 ea
652 3009 760 3050 codd.
927 3021 974 3047 21
1007 3007 1127 3059 nota]
1150 3008 1310 3048 inmota
1330 3008 1372 3047 F
1369 3007 1609 3058 reudenberg
