2138 3470
787 178 1139 230 CORNELII
1176 177 1421 230 TACITI

232 333 252 373 7
278 317 350 367 uti
372 317 589 367 alienum
609 316 698 366 erit
715 316 905 366 oratori.
978 333 1144 380 neque
1165 316 1300 366 enim
1323 315 1597 380 sapientem
1619 315 1941 366 informamus

279 414 443 461 neque
485 396 762 447 Stoicorum
809 396 1056 457 comitem,
1108 398 1198 447 sed
1244 414 1359 446 eum
1407 396 1493 461 qui
1539 398 1781 461 quasdam
1825 395 1941 446 artis

279 477 484 538 haurire,
513 493 686 527 omnes
715 477 867 526 libare
899 477 1063 526 debet.
1136 476 1352 541 ideoque
1385 486 1434 526 et
1461 476 1577 526 iuris
1609 476 1761 527 civilis
1789 476 1943 527 scien-

279 556 399 607 tiam
455 566 643 607 veteres
702 565 917 606 oratores
976 557 1479 620 comprehendebant,
1529 566 1579 606 et
1627 557 1944 622 grammatica

227 645 252 684 8
279 637 468 688 musica
511 635 777 700 geometria
834 635 1195 686 imbuebantur.
1282 636 1509 687 incidunt
1561 636 1695 687 enirn
1751 654 1941 699 causae,
1967 647 1990 688 5

278 717 518 782 plurimae
549 716 753 781 quidem
788 733 847 766 ac
884 733 1043 781 paene
1080 733 1267 777 omneS,
1296 717 1476 781 quibus
1511 716 1628 766 iuris
1662 717 1838 768 notitia
1863 719 1947 769 de-

280 798 530 858 sideratur,
558 799 822 862 pleraeque
858 806 1039 858 autem,
1067 796 1119 847 in
1143 797 1324 862 quibus
1355 799 1481 848 haec
1511 815 1713 862 quoque
1742 797 1947 849 scientia

281 878 550 943 requiritur.

189 965 256 1013 32
350 962 399 1010 N
403 977 460 1010 ec
480 958 743 1023 ¹quisquam
768 959 1068 1022 respondeat
1092 960 1326 1019 sufficere,
1355 968 1410 1008 ut
1433 960 1498 1008 ad
1522 967 1717 1024 tempus
1741 959 1948 1024 simplex

281 1040 520 1104 quiddam
541 1049 589 1089 et
607 1040 850 1089 uniforme
875 1041 1157 1090 doceamur.
1220 1040 1434 1104 primum
1453 1040 1587 1090 enim
1604 1040 1743 1090 aliter
1765 1040 1948 1091 utimur
1975 1058 2024 1087 ιο

279 1120 499 1184 propriiS,
532 1120 670 1169 aliter
707 1119 1048 1180 commodatis,
1085 1122 1331 1184 longeque
1367 1120 1601 1170 interesse
1632 1119 1947 1171 manifestum

281 1209 367 1260 est,
395 1199 644 1264 possideat
678 1199 786 1262 quis
818 1216 946 1263 quae
982 1201 1165 1263 profert
1196 1216 1261 1248 an
1294 1209 1555 1249 mutuetur.
1629 1199 1811 1250 deinde
1842 1199 1948 1263 ipsa

283 1281 546 1329 multarum
587 1279 764 1328 artium
808 1278 1013 1328 scientia
1055 1279 1203 1328 etiam
1250 1279 1386 1329 aliud
1427 1278 1615 1343 agentis
1656 1296 1748 1329 nos
1791 1289 1945 1341 ornat,

235 1385 256 1415 2
280 1370 429 1425 atque
470 1360 556 1409 ubi
599 1358 802 1408 minime
845 1361 1029 1420 credaS,
1071 1359 1255 1408 eminet
1293 1369 1342 1409 et
1383 1359 1586 1409 excellit.
1660 1359 1812 1424 idque
1845 1377 1949 1410 non

280 1441 458 1492 doctus
483 1441 635 1490 modo
655 1449 703 1490 et
721 1440 937 1503 prudens
963 1439 1170 1500 auditor,
1191 1441 1280 1490 sed
1305 1439 1453 1489 etiam
1477 1441 1690 1503 populus
1714 1439 1951 1504 intellegit
1975 1458 2023 1499 15

281 1538 340 1571 ac
364 1520 527 1570 statim
552 1521 619 1569 ita
644 1521 790 1570 laude
816 1519 1138 1584 prosequitur,
1168 1530 1223 1569 ut
1247 1520 1463 1584 legitime
1493 1519 1752 1581 studuisse,
1779 1529 1834 1570 ut
1863 1536 1952 1584 per

285 1600 445 1652 omnis
479 1600 788 1664 eloquentiae
822 1617 1054 1650 numeros
1087 1599 1195 1660 isse,
1225 1609 1280 1650 ut
1313 1599 1530 1664 denique
1565 1609 1809 1650 oratorem
1843 1615 1952 1650 esse

283 1684 520 1742 fateatur3
557 1698 706 1745 quem
745 1697 847 1731 non
884 1698 1030 1745 posse
1066 1681 1205 1731 aliter
1241 1681 1445 1731 existere
1478 1698 1571 1731 nec
1604 1680 1818 1731 extitisse
1849 1694 1953 1731 um-

283 1778 431 1826 quam
465 1762 717 1821 confirmo,
747 1761 841 1810 nisi
875 1779 989 1811 eum
1026 1762 1123 1826 qui,
1159 1771 1411 1826 tamquam
1445 1762 1496 1810 in
1527 1761 1685 1811 aciem
1721 1760 1952 1811 omnibus

282 1842 427 1891 armis
476 1841 753 1902 instructuS,
801 1842 871 1891 sic
918 1842 968 1891 in
1017 1844 1178 1892 forum
1227 1842 1459 1892 omnibus
1506 1841 1691 1892 artibus
1737 1850 1952 1892 armatus
1977 1855 2029 1885 20

237 1936 259 1976 3
283 1921 461 1971 exierit.
539 1923 676 1986 quod
700 1923 828 1972 adeo
854 1923 1124 1987 neglegitur
1149 1924 1213 1973 ab
1240 1925 1416 1972 horum
1442 1932 1722 1987 temporum
1745 1921 1950 1982 disertiS,

283 2011 337 2051 ut
379 2002 429 2050 in
470 2002 748 2052 actionibus
793 2019 963 2052 eorum
1012 2003 1157 2053 huius
1202 2021 1403 2068 quoque
1441 2002 1677 2053 cotidiani
1713 2002 1954 2053 sermonis

282 2084 429 2132 foeda
461 2099 519 2132 ac
552 2084 788 2146 pudenda
813 2084 929 2133 vitia
965 2085 1429 2149 deprehendantur,-
1463 2094 1518 2135 ut
1549 2083 1775 2149 ignorent
1806 2086 1950 2149 legeS,

283 2180 385 2213 non
418 2172 617 2213 teneant
652 2174 849 2214 senatus
882 2167 1118 2226 consulta,
1150 2166 1224 2216 ius
1258 2166 1403 2216 huius
1433 2165 1640 2215 civitatis
1673 2167 1801 2215 ultro
1833 2163 1955 2215 deri-

283 2245 445 2304 deant,
492 2244 760 2307 sapientiae
803 2262 920 2294 vero
969 2246 1187 2296 studium
1236 2256 1285 2296 et
1331 2255 1592 2311 praecepta
1637 2243 1955 2310 prudentium
1981 2262 2028 2302 25

236 2339 261 2377 4
284 2323 478 2388 penitus
528 2325 859 2375 reformident.
940 2326 991 2375 in
1042 2327 1363 2391 paucissimos
1411 2344 1582 2377 sensus
1629 2337 1679 2377 et
1724 2335 1955 2391 angustas

283 2405 548 2455 sententias
576 2407 846 2456 detrudunt
881 2409 1213 2473 eloquentiam
1239 2412 1372 2460 velut
1396 2411 1647 2473 expulsam
1673 2425 1824 2474 regno
1847 2424 1951 2467 su0‚

284 2494 338 2534 ut
362 2501 490 2548 quae
515 2485 631 2536 olim
662 2488 886 2538 omnium
918 2489 1093 2540 artium
1125 2491 1329 2541 domina
1360 2490 1690 2555 pulcherrimo
1717 2489 1955 2539 comitatu

284 2573 484 2627 pectora
519 2566 768 2631 implebat,
811 2587 944 2620 nunc
979 2571 1266 2622 circumcisa
1299 2581 1346 2621 et
1377 2579 1642 2636 amputata,
1671 2569 1776 2619 sine
1810 2585 1957 2633 appa-

342 2709 366 2735 2
397 2697 592 2737 comitem
626 2698 803 2739 Vahlen:
852 2701 976 2740 citem
997 2700 1039 2739 A
1062 2715 1070 2739 :
1103 2701 1312 2740 civitatem
1334 2705 1414 2740 cett.
1567 2711 1593 2749 3
1622 2697 1789 2738 haurire
1809 2694 1923 2749 Lipss,
1945 2709 1954 2735 t

286 2749 430 2789 audire
453 2750 563 2791 codd.
711 2754 840 2794 libare
863 2755 1037 2793 Bekker:
1069 2754 1301 2794 liberaliter
1322 2752 1430 2794 codd.
1632 2766 1657 2801 4
1687 2751 1956 2802 grammatice

287 2804 446 2844 musice
476 2811 519 2844 et
552 2809 789 2857 geometr-ie
825 2808 905 2859 (vel
921 2810 1020 2852 -ice)
1043 2808 1150 2848 codd.
1173 2822 1181 2846 z
1210 2821 1288 2848 em.
1312 2808 1445 2847 Rhen.
1610 2818 1636 2855 5
1668 2804 1886 2845 incidunt.
1912 2833 1923 2845 .
1944 2834 1954 2844 .

289 2859 515 2907 requiritur
537 2860 622 2900 secl.
647 2860 762 2901 And.
899 2874 921 2911 7
952 2862 1180 2913 pleraeque
1200 2861 1358 2900 Rhen.:
1390 2860 1637 2911 plerumque
1658 2858 1767 2899 codd.
1905 2870 1955 2897 10

289 2913 403 2952 enim
427 2914 560 2954 Rhen.
581 2929 589 2952 z
623 2920 764 2953 autem
787 2914 896 2956 codd.
1040 2929 1091 2955 22
1122 2915 1248 2955 huius
1268 2914 1428 2953 Halm:
1460 2914 1537 2964 uis,
1562 2913 1629 2953 ius
1648 2911 1757 2952 codd.
1900 2922 1954 2959 24

292 2967 417 3006 huius
442 2967 538 3008 add.
560 2967 774 3008 Peterson:
807 2981 909 3008 suae
934 2968 1041 3007 Gud.
