2138 3470
791 174 1138 224 CORNELII
1175 172 1421 223 TACITI

273 324 322 366 et
352 315 472 366 viles
506 313 559 365 in
595 312 841 365 excidium
876 312 1120 379 petimur3
1160 329 1324 377 neque
1359 309 1492 361 enim
1527 328 1642 361 arva
1676 309 1821 360 nobis
1854 318 1941 360 aut

272 400 471 447 metalla
520 406 606 447 aut
655 405 826 461 portus
878 403 1005 456 sunt,
1056 393 1237 459 quibus
1283 381 1567 444 exercendis
1624 386 1937 442 reservemur.

221 493 248 534 4
272 478 423 527 virtus
459 494 605 542 porro
645 494 706 526 ac
745 475 929 526 ferocia
965 474 1302 525 subiectorum
1333 473 1522 538 ingrata
1554 471 1942 538 imperantibu53

272 568 322 610 et
344 558 675 622 longinquitas
702 574 762 607 ac
793 566 1037 607 secretum
1059 556 1225 620 ipsum
1249 572 1350 620 quo
1373 555 1538 616 tutiuS‚
1565 572 1629 606 eo
1651 553 1938 620 suspectius,

271 639 340 689 ita
371 640 564 689 sublata
598 656 687 703 spe
710 637 885 688 veniae
915 639 1119 687 tandem
1147 636 1327 686 sumite
1359 635 1596 697 animum,
1630 644 1733 686 tam
1759 635 1942 700 quibus
1964 647 1988 688 5

223 734 246 775 5
272 722 402 769 salus
438 737 588 783 quam
624 719 805 783 quibus
839 718 993 782 gloria
1026 717 1277 767 carissima
1310 725 1398 766 est.
1471 715 1725 806 Brigantes
1758 715 1943 766 femina

272 803 400 851 duce
425 818 624 850 exurere
648 799 911 860 coloniam,
938 816 1218 865 expugnare
1249 807 1419 858 castra,
1446 814 1507 847 ac
1537 793 1632 846 nisi
1661 795 1903 847 felicitas
1889 813 1942 846 m

273 881 552 932 socordiam
587 881 823 941 vertisset,
863 897 1040 930 exuere
1071 880 1243 944 iugum
1274 888 1510 944 potuere:
1555 878 1648 928 nos
1684 876 1861 942 integri
1891 885 1945 928 et

272 962 502 1012 indomiti
526 971 575 1012 et
598 962 650 1011 in
673 962 964 1022 libertatem,
986 978 1090 1011 non
1113 960 1166 1010 in
1188 960 1543 1028 paenitentiam
1561 957 1756 1020 †latur1,
1782 958 1945 1024 primo

272 1044 437 1096 statim
483 1061 749 1108 congressu
796 1045 1130 1105 ostendamus,
1181 1058 1308 1107 quos
1354 1041 1449 1092 sibi
1495 1040 1771 1093 Caledonia
1814 1039 1944 1090 viros
1969 1059 2019 1088 10

272 1125 557 1191 seposuerit.
564 1127 575 1149 '
784 1133 789 1141 ’
1416 1135 1420 1141 ’

184 1222 249 1269 32
345 1210 357 1233 ‘
373 1210 455 1256 An
494 1207 705 1256 eandem
748 1205 990 1255 Romanis
1025 1205 1078 1255 in
1114 1205 1248 1255 bello
1284 1204 1514 1254 virtutem
1548 1220 1700 1280 quam
1734 1203 1786 1254 in
1820 1220 1944 1278 pace

273 1287 523 1338 lasciviam
547 1290 723 1338 adesse
755 1287 952 1338 creditis
971 1290 994 1336 Ρ
1028 1286 1207 1337 nostris
1239 1285 1309 1336 illi
1337 1276 1729 1336 dissensionibus
1762 1303 1822 1336 ac
1850 1284 1945 1336 dis-

273 1369 454 1419 cordiis
483 1369 599 1418 clari
627 1368 744 1418 vitia
772 1368 992 1418 hostium
1026 1368 1078 1417 in
1113 1367 1318 1432 gloriam
1350 1367 1589 1418 exercitus
1621 1367 1696 1421 sui
1720 1375 1946 1429 vertunt;

275 1467 425 1515 quem
449 1459 757 1500 contractum
789 1467 849 1499 ex
879 1448 1220 1499 diversissimis
1242 1448 1471 1513 gentibus
1503 1458 1558 1498 ut
1589 1449 1837 1498 secundae
1867 1464 1943 1498 res
1969 1466 2017 1508 15

274 1540 457 1592 tenent,
490 1530 558 1580 ita
585 1533 822 1581 adversae
853 1530 1155 1580 dissolvent:
1190 1529 1357 1579 nisisi
1390 1531 1560 1580 Gallos
1592 1538 1642 1580 et
1669 1530 1944 1580 Germanos

275 1622 324 1662 et
359 1612 534 1678 (pudet
571 1611 729 1676 dictu)
769 1610 1119 1661 Britannorum
1154 1613 1428 1675 plerosque,
1467 1609 1583 1660 licet
1616 1608 1944 1660 dominationi

274 1692 463 1743 alienae
496 1692 787 1756 sanguinem
819 1694 1155 1752 commodent,
1187 1691 1373 1742 diutius
1404 1700 1572 1741 tamen
1606 1690 1760 1741 hostis
1794 1707 1943 1756 quam

231 1791 248 1818 2
276 1790 453 1835 servos,
482 1775 581 1824 fide
615 1783 664 1823 et
691 1775 891 1824 adfectu
924 1773 1079 1824 teneri
1107 1772 1302 1837 putatis.
1375 1782 1536 1822 metus
1564 1788 1624 1821 ac
1655 1781 1806 1822 terror
1828 1780 1944 1821 sunt

275 1854 467 1904 infirma
508 1854 669 1904 vincla
714 1854 961 1915 caritati33
1013 1871 1141 1918 quae
1186 1853 1274 1903 ubi
1319 1852 1595 1913 removeris,
1640 1852 1726 1917 qui
1772 1851 1943 1903 timere
1969 1873 2020 1902 πο

277 1935 520 1996 desierint,
550 1935 715 1985 odisse
739 1934 989 1999 incipient.
1063 1933 1232 1984 omnia
1253 1933 1486 1984 victoriae
1512 1933 1830 1984 incitamenta
1853 1950 1943 1998 pro

276 2015 420 2066 nobis
479 2025 625 2065 sunt:
684 2018 849 2065 nullae
896 2018 1154 2065 Romanos
1200 2015 1434 2079 coniuges
1479 2016 1771 2076 accendunt,
1821 2014 1942 2064 nulli

276 2105 502 2161 parentes
527 2098 693 2160 fugam
718 2096 1054 2161 exprobraturi
1079 2105 1198 2146 sunt
1215 2115 1228 2157 ;
1262 2105 1348 2146 aut
1366 2098 1501 2146 nulla
1518 2095 1764 2161 plerisque
1787 2094 1951 2160 patria

231 2195 254 2234 3
276 2185 362 2226 aut
392 2177 487 2227 alia
522 2186 608 2227 est.
683 2194 868 2242 paucos
911 2194 1132 2238 numero,
1169 2177 1386 2241 trepidos
1422 2176 1706 2241 ignorantia,
1749 2178 1941 2229 caelum

276 2257 439 2322 ipsum
479 2275 538 2307 ac
580 2275 713 2308 mare
754 2268 803 2308 et
843 2258 1000 2334 silvas,
1046 2258 1213 2322 ignota
1259 2258 1434 2308 omnia
1472 2257 1937 2322 circumspectantis,
1967 2278 2015 2318 25

277 2341 470 2388 clausos
495 2340 714 2401 quodam
748 2340 900 2389 modo
924 2357 983 2389 ac
1006 2339 1197 2389 vinctos
1229 2339 1307 2389 di
1313 2339 1457 2389 nobis
1490 2340 1804 2390 tradiderunt.
1878 2357 1942 2389 ne

278 2428 453 2469 terreat
490 2437 644 2469 vanus
685 2429 913 2484 aspectus
952 2430 1001 2470 et
1037 2420 1141 2470 auri
1179 2423 1337 2484 fulgor
1376 2430 1525 2485 atque
1565 2421 1763 2485 argenti,
1804 2423 1942 2484 quod

230 2518 254 2556 4
278 2515 440 2562 neque
473 2500 589 2563 tegit
618 2518 781 2564 neque
813 2504 1046 2566 vulnerat.
1120 2502 1170 2551 in
1199 2502 1306 2566 ipsa
1341 2503 1555 2553 hostium
1591 2502 1697 2552 acie
1732 2502 1942 2552 invenie-

279 2597 388 2629 mus
435 2590 624 2630 nostras
672 2600 859 2633 manus.
937 2587 1243 2648 adgnoscent
1286 2584 1505 2634 Britanni
1546 2601 1685 2634 suam
1725 2601 1938 2645 causam,

279 2662 665 2712 recordabuntur
724 2665 853 2715 Galli
910 2667 1121 2731 priorem
1180 2667 1486 2718 libertatem:
1549 2668 1776 2716 deserent
1832 2664 1941 2715 illos
1966 2679 2018 2719 30

331 2800 357 2837 6
385 2798 616 2840 clarissima
647 2807 681 2840 Δ
795 2813 822 2850 9
851 2813 968 2840 arma
996 2801 1119 2841 laturi
1148 2799 1269 2840 Wex·
1307 2799 1500 2841 bellaturi
1523 2799 1658 2839 Koch:
1702 2798 1747 2838 in
1776 2798 1940 2848 patien-

278 2855 375 2893 tiam
394 2854 587 2894 bellaturi
618 2854 798 2905 Wdlfflin
943 2868 991 2894 10
1021 2856 1229 2896 calidonia
1250 2859 1278 2893 Γ
1448 2856 1497 2893 18
1526 2854 1792 2893 commodent
1811 2851 1938 2893 Put.:

279 2910 575 2949 commendent
597 2909 706 2950 codd.
852 2923 900 2959 19
930 2916 1028 2949 sunt
1052 2909 1303 2985 Beroaldus:
1335 2915 1401 2949 est
1422 2907 1533 2949 codd.
1666 2921 1718 2957 24
1748 2906 1940 2958 trepidos

279 2962 535 3003 Heumann:
569 2964 727 3003 circum
749 2964 937 3014 trepidos
957 2963 1067 3004 codd.
