2138 3470
794 170 1141 222 CORNELII
1178 171 1423 223 TACITI

283 307 502 359 rentibus
534 308 585 358 in
617 307 810 359 diversa
845 307 983 359 terris
1020 307 1202 373 positio
1235 308 1359 359 caeli
1395 308 1684 375 corporibus
1719 309 1946 360 habitum

237 406 261 445 3
283 389 434 439 dedit.
507 389 558 438 in
594 389 877 439 universum
913 398 1081 440 tamen
1115 389 1394 442 aestimanti
1427 393 1597 450 Gallos
1628 390 1841 441 vicinam
1875 390 1946 440 in-

233 490 260 530 4
282 472 440 519 sulam
473 487 742 534 occupasse
776 469 1012 520 credibile
1046 479 1133 520 est.
1206 488 1378 520 eorum
1414 488 1551 521 sacra
1583 473 1942 536 deprehendas,

281 546 684 614 superstitionum
712 550 1054 615 persuasiones
1071 569 1086 612 3
1120 567 1282 601 sermo
1306 553 1441 601 haud
1473 554 1685 602 multum
1707 552 1942 613 diversuS,

281 630 333 679 in
356 631 686 695 deposcendis
712 631 940 696 perieulis
971 634 1148 681 eadem
1176 632 1385 682 audacia
1408 641 1469 693 et,
1497 632 1584 682 ubi
1610 634 1867 694 advenere,
1892 633 1946 682 in
1967 652 1992 694 5

233 728 256 770 5
282 711 613 762 detrectandis
639 714 816 762 eadem
848 712 1074 762 formido.
1148 714 1258 776 plus
1290 721 1458 762 tamen
1488 712 1698 763 ferociae
1722 713 1946 763 Britanni

282 794 572 857 praeferunt,
612 801 667 842 ut
707 809 834 857 quos
880 794 1106 842 nondum
1154 795 1301 858 longa
1346 810 1443 857 pax
1488 793 1756 844 emollierit.
1827 810 1944 844 nam

284 876 454 923 Gallos
490 890 691 937 quoque
722 873 774 922 in
805 873 947 923 bellis
983 872 1205 923 floruisse
1236 873 1519 938 accepimus
1539 891 1554 935 3
1593 890 1710 924 mox
1739 873 1946 939 segnitia

282 971 398 1003 cum
423 954 525 1004 otio
553 953 760 1014 intravit,
787 954 969 1004 amissa
999 954 1176 1004 virtute
1207 954 1385 1018 pariter
1412 972 1472 1004 ac
1499 954 1735 1005 libertate.
1807 954 1945 1019 quod

284 1035 631 1095 Britannorum
665 1035 783 1085 olim
808 1035 948 1085 victis
981 1035 1172 1086 evenit:
1209 1036 1357 1086 ceteri
1389 1045 1593 1086 manent
1620 1038 1790 1101 quales
1815 1035 1945 1087 Galli
1970 1054 2022 1083 10

282 1118 491 1166 fuerunt.

205 1206 261 1242 12
353 1199 414 1246 In
438 1197 605 1262 pedite
629 1198 808 1259 robur3
844 1199 1090 1262 quaedam
1119 1197 1344 1248 nationes
1373 1207 1423 1249 et
1454 1215 1597 1249 curru
1628 1198 1939 1263 proeliantur.

282 1277 534 1327 honestior
568 1278 747 1343 auriga,
788 1278 991 1328 clientes
1027 1287 1352 1343 propugnant.
1426 1278 1545 1329 olim
1580 1279 1775 1344 regibus
1810 1296 1944 1344 pare·-

280 1359 414 1419 bant,
443 1376 576 1408 nunc
600 1376 687 1423 per
716 1358 961 1423 principes
994 1358 1291 1409 factionibus
1316 1369 1365 1409 et
1389 1359 1564 1410 studiis
1591 1359 1939 1410 distrahuntur.

234 1461 253 1489 2
279 1458 373 1491 nec
419 1440 554 1490 aliud
600 1442 833 1490 adversus
881 1441 1206 1491 validissimas
1251 1440 1410 1505 gentis
1450 1457 1540 1506 pro
1585 1440 1730 1491 nobis
1775 1440 1942 1491 utilius
1968 1457 2017 1499 15

280 1538 430 1585 quam
477 1522 614 1585 quod
651 1521 703 1570 in
742 1538 1010 1589 commune
1055 1538 1158 1571 non
1205 1524 1482 1571 consulunt.
1567 1538 1702 1571 rarus
1747 1521 1943 1572 duabus

279 1602 495 1652 tribusve
530 1602 808 1652 civitatibus
844 1604 909 1653 ad
942 1604 1335 1668 propulsandum
1370 1619 1636 1652 commune
1670 1601 1943 1667 periculum

233 1707 256 1746 3
279 1693 581 1734 conventus:
618 1684 685 1733 ita
710 1684 886 1748 singuli
913 1693 1146 1749 pugnant,
1170 1683 1382 1733 universi
1405 1683 1678 1733 vincuntur.
1750 1685 1943 1734 caelum

279 1765 460 1815 crebris
507 1765 747 1815 imbribus
793 1782 852 1814 ac
899 1764 1092 1815 nebulis
1140 1766 1375 1826 foedum3
1430 1763 1664 1829 asperitas
1711 1763 1943 1829 frigorum

278 1847 430 1895 abest.
518 1845 709 1895 dierum
753 1845 910 1909 spatia
949 1847 1075 1894 ultra
1112 1845 1265 1895 nostri
1306 1844 1438 1894 orbis
1485 1860 1797 1906 mensuram3
1844 1862 1944 1895 nox
1967 1862 2017 1891 20

279 1928 408 1975 clara
449 1935 498 1976 et
536 1935 750 1976 extrema
791 1925 1072 1975 Britanniae
1119 1934 1256 1990 parte
1302 1924 1475 1986 breviS,
1511 1934 1566 1976 ut
1605 1926 1756 1976 finem
1792 1933 1943 1990 atque

232 2023 258 2062 4
279 2006 474 2077 initium
496 2007 619 2056 lucis
651 2006 826 2071 exiguo
856 2006 1138 2056 discrimine
1170 2006 1485 2056 internoscas.
1559 2007 1695 2070 quod
1720 2005 1760 2056 si
1783 2006 1943 2056 nubes

279 2104 381 2137 non
405 2087 634 2148 officiant,
662 2087 815 2152 aspici
842 2103 928 2151 per
952 2096 1152 2136 noctem
1178 2086 1294 2136 solis
1318 2089 1570 2152 fulgorem,
1598 2103 1692 2137 nec
1715 2086 1942 2137 occidere

279 2178 328 2218 et
365 2185 631 2232 exsurgere,
673 2170 762 2218 sed
805 2167 1007 2217 transire
1055 2169 1329 2217 adfirmant.
1418 2167 1603 2218 scilicet
1643 2176 1858 2217 extrema
1893 2176 1942 2217 et

280 2252 425 2313 plana
449 2259 682 2299 terrarum
707 2248 881 2299 humili
905 2250 1079 2299 umbra
1103 2266 1206 2299 non
1235 2248 1425 2312 erigunt
1452 2249 1692 2309 tenebras,
1719 2248 1942 2312 infraque
1965 2265 2016 2307 25

231 2348 252 2386 5
278 2333 469 2380 caelum
495 2339 543 2380 et
567 2330 726 2380 sidera
751 2347 849 2380 nox
874 2330 1019 2379 cadit.
1095 2332 1255 2380 solum
1286 2339 1476 2394 praeter
1506 2331 1667 2380 oleam
1690 2328 1941 2393 vitemque

278 2420 327 2460 et
351 2420 511 2461 cetera
534 2411 849 2461 calidioribus
877 2410 1013 2461 terris
1038 2410 1149 2460 oriri
1175 2419 1314 2460 sueta
1337 2410 1527 2475 patiens
1551 2412 1758 2475 frugum,
1775 2411 1940 2460 fecun-

278 2492 398 2540 dum
419 2511 427 2540 :
465 2494 601 2542 tarde
621 2492 896 2553 mitescunt,
916 2492 1015 2542 cito
1034 2492 1328 2556 proveniunt
1344 2511 1358 2553 ;
1393 2493 1668 2556 eademque
1684 2489 1939 2555 utriusque

229 2582 254 2622 6
278 2571 344 2620 rei
381 2589 540 2632 causa,
582 2576 763 2623 multus
801 2590 944 2623 umor
980 2582 1214 2623 terrarum
1251 2572 1484 2637 caelique.
1558 2574 1649 2622 fert
1685 2571 1937 2621 Britannia

276 2669 449 2702 aurum
469 2662 517 2701 et
541 2664 797 2717 argentum
818 2663 866 2704 et
889 2654 985 2703 alia
1009 2655 1218 2714 metalla,
1241 2653 1450 2718 pretium
1469 2651 1711 2702 victoriae.
1783 2650 1937 2716 gignit
1960 2668 2012 2708 30

231 2743 325 2793 7et
363 2734 594 2785 Oceanus
637 2735 904 2798 margarita,
944 2735 1033 2784 sed
1080 2735 1311 2784 subfusca
1350 2751 1409 2784 ac
1449 2732 1659 2783 liventia.
1732 2731 1935 2796 quidam

331 2877 355 2912 4
387 2862 686 2913 persuasiones
721 2862 867 2902 Glack:
928 2861 1204 2913 persuasione
1244 2860 1353 2902 codd.
1373 2876 1383 2901 :
1443 2859 1764 2911 persuasionem
1806 2856 1940 2898 Ritter

279 2930 327 2965 14
358 2916 648 2957 distrahuntur
668 2915 895 2956 Heinsius:
927 2917 1151 2956 trahuntur
1170 2914 1280 2956 codd.
1410 2927 1458 2965 17
1489 2913 1707 2965 tribusque
1727 2917 1757 2953 Γ
1879 2925 1935 2953 20

276 2970 414 3024 abest]
439 2977 505 3011 est
526 2976 561 3010 Δ
727 2981 775 3019 3ῐ
810 2970 970 3009 suffusa
990 2982 1038 3009 ac
1061 2970 1220 3008 liuenta
1242 2974 1278 3008 Δ
