2138 3470
864 175 1227 224 AGRICOLA

212 314 585 382 tempestatibus
621 313 886 364 exercitum
922 314 1160 362 lacessere
1201 329 1302 362 non
1343 313 1481 375 ausi,
1527 316 1869 380 ponendisque

211 398 409 462 insuper
431 395 641 447 castellis
665 394 878 459 spatium
910 393 1012 443 fuit.
1085 395 1392 444 adnotabant
1416 395 1557 460 periti
1589 413 1691 445 non
1718 398 1868 448 alium
1897 421 1915 446 2

210 480 390 528 ducem
412 476 804 542 opportunitates
823 478 1045 525 locorum
1064 475 1332 539 sapientius
1351 475 1525 538 legisse
1542 494 1557 537 3
1591 479 1781 526 nullum
1804 479 1869 526 ab

210 559 438 623 Agricola
461 558 677 622 positum
700 558 956 606 castellum
987 565 1073 606 aut
1097 555 1144 605 vi
1176 556 1393 605 hostium
1422 553 1754 620 expugnatum
1785 567 1871 607 aut

164 659 187 699 5
211 639 439 704 pactione
461 656 520 688 ac
544 641 657 702 fuga
680 640 929 688 desertum
946 655 961 699 3
995 654 1111 686 nam
1146 639 1378 705 adversus
1411 654 1573 687 moras
1598 637 1870 688 obsidionis

209 720 386 769 annuis
410 719 564 784 copiis
596 719 926 768 firmabantur.
999 718 1067 767 ita
1098 717 1342 782 intrepida
1374 718 1443 767 ibi
1472 718 1642 779 hiems,
1671 720 1871 769 crebrae
1898 739 1919 776 3

210 800 491 864 eruptiones
520 809 569 850 et
600 800 693 849 sibi
725 800 934 863 quisque
962 798 1219 863 praesidio,
1259 798 1412 847 inritis
1450 799 1674 848 hostibus
1710 812 1870 863 eoque

210 881 597 945 desperantibuS,
625 881 740 944 quia
772 880 902 929 soliti
937 882 1228 944 plerumque
1263 881 1446 929 damna
1481 881 1678 930 aestatis
1714 881 1870 930 hiber-

210 963 287 1011 nis
310 963 566 1013 eventibus
598 980 804 1027 pensare
835 971 941 1011 tum
971 972 1158 1012 aestate
1189 971 1337 1025 atque
1366 961 1530 1011 hieme
1562 962 1693 1011 iuxta
1726 965 1871 1026 pelle-

118 1031 190 1089 >10
210 1045 400 1093 bantur.
490 1061 582 1092 nec
629 1043 856 1106 Agricola
914 1037 1151 1106 umquam
1199 1061 1285 1107 per
1330 1043 1452 1091 alios
1504 1053 1639 1106 gesta
1696 1043 1870 1092 avidus
1894 1057 1917 1095 4

210 1125 494 1189 intercepit:
541 1142 629 1174 seu
670 1124 905 1174 centurio·
933 1141 1019 1173 seu
1057 1126 1331 1188 praefectus
1377 1124 1714 1188 incorruptum
1755 1125 1870 1173 facti

139 1227 146 1234 ·
210 1214 385 1255 testem
410 1206 638 1255 habebat.
699 1207 834 1269 apud
857 1207 1104 1269 quosdam
1127 1205 1351 1255 acerbior
1374 1205 1426 1254 in
1451 1205 1686 1255 conviciis
1711 1223 1869 1255 narra-

210 1287 366 1347 batur,
405 1296 459 1337 ut
494 1295 596 1337 erat
624 1286 779 1336 comis
811 1286 969 1346 bonis,
997 1286 1065 1336 ita
1092 1284 1326 1336 adversus
1362 1289 1518 1336 malos
1554 1286 1865 1347 iniucundus.

212 1377 429 1418 ceterum
462 1385 521 1417 ex
551 1367 803 1417 iracundia
830 1367 952 1416 nihil
987 1376 1237 1431 supererat
1260 1377 1515 1428 secretum,
1542 1377 1598 1417 ut
1622 1367 1869 1418 silentium
1895 1386 1916 1425 5

142 1471 188 1510 15
213 1448 317 1498 eius
341 1465 443 1498 non
466 1448 691 1499 timeres:
727 1447 981 1498 honestius
1005 1449 1211 1512 putabat
1239 1450 1491 1498 offendere
1514 1466 1665 1513 quam
1689 1449 1866 1499 odisse.

281 1530 469 1591 Quarta
503 1537 663 1578 aestas
700 1528 983 1578 obtinendis
1018 1546 1149 1592 quae
1185 1539 1548 1594 percucurrerat
1588 1529 1837 1594 insumpta
1857 1549 1871 1592 3
1894 1541 1957 1588 23

210 1626 270 1659 ac
294 1609 335 1659 si
358 1609 508 1659 virtus
532 1609 831 1659 exercituum
864 1618 913 1659 et
947 1609 1164 1659 Romani
1195 1610 1410 1659 nominis
1433 1610 1585 1673 gloria
1608 1620 1866 1675 pateretur,

211 1690 437 1740 inventus
483 1690 535 1739 in
581 1690 687 1754 ipsa
733 1690 986 1740 Britannia
1032 1690 1280 1740 terminus.
1367 1707 1583 1755 namque
1630 1693 1775 1742 Clota
1821 1701 1870 1741 et
1896 1708 1916 1734 2

213 1770 449 1821 Bodotria
493 1770 671 1821 diversi
718 1770 864 1821 maris
910 1770 1126 1820 aestibus
1173 1788 1260 1835 per
1304 1771 1585 1821 inmensum
1632 1781 1865 1833 revectae‚

139 1874 191 1904 20
210 1860 419 1915 angusto
456 1860 690 1918 terrarum
731 1851 890 1916 spatio
931 1851 1253 1901 dirimuntur:
1296 1855 1433 1916 quod
1474 1862 1579 1902 tum
1617 1853 1869 1917 praesidiis

211 1933 494 1982 firmabatur
527 1942 676 1997 atque
711 1932 871 1982 omnis
904 1932 1101 1996 propior
1133 1933 1266 1982 sinus
1303 1934 1572 1994 tenebatur,
1613 1934 1870 1983 summotis

211 2015 343 2062 velut
366 2012 417 2061 in
440 2012 587 2062 aliam
611 2013 821 2063 insulam
846 2013 1084 2063 hostibus.

279 2092 470 2155 Quinto
505 2093 872 2157 expeditionum
903 2111 1036 2143 anno
1060 2111 1185 2144 nave
1209 2095 1366 2158 prima
1390 2104 1714 2159 transgressus
1738 2096 1871 2159 igno·
1893 2106 1958 2153 24

212 2181 285 2222 tas
319 2174 384 2223 ad
419 2173 472 2223 id
507 2183 700 2238 tempus
731 2174 888 2238 gentis
927 2175 1106 2224 crebris
1142 2175 1287 2224 simul
1322 2193 1381 2225 ac
1409 2177 1651 2239 prosperis
1675 2176 1869 2240 proeliis

142 2271 189 2311 25
212 2254 440 2315 domuit;
479 2272 689 2318 eamque
724 2265 912 2319 partem
949 2255 1230 2304 Britanniae
1262 2273 1390 2319 quae
1424 2256 1717 2305 Hiberniam
1749 2257 1871 2320 aspi-

211 2333 278 2382 cit
305 2334 459 2398 copiis
492 2335 726 2396 instruxit,
755 2336 805 2384 in
835 2353 973 2400 spem
1010 2332 1163 2399 ma'gis
1192 2354 1342 2400 quam
1374 2338 1440 2386 ob
1476 2337 1801 2397 formidinem,
1830 2337 1869 2386 si

212 2414 414 2477 quidem
441 2416 684 2466 Hibernia
712 2418 879 2467 medio
912 2418 1037 2467 inter
1071 2417 1374 2467 Britanniam
1398 2426 1547 2480 atque
1574 2417 1869 2481 Hispaniam

213 2494 304 2544 sita
328 2505 376 2545 et
401 2498 592 2547 Gallico
615 2515 815 2562 quoque
834 2499 1251 2569 marixopportuna
1275 2498 1656 2548 valentissimam
1680 2498 1869 2563 imperii

213 2584 402 2638 partem
426 2579 614 2641 magnis
638 2579 689 2627 in
714 2579 872 2629 vicem
905 2580 1075 2630 usibus
1106 2581 1366 2630 miscuerit.
1439 2577 1651 2643 spatium
1684 2579 1800 2639 eius,
1828 2579 1867 2628 si
1894 2599 1913 2625 2

143 2670 195 2709 30
216 2653 496 2705 Britanniae
520 2667 840 2720 comparetur,
868 2659 1133 2721 angustius,
1162 2659 1314 2707 nostri
1347 2658 1491 2706 maris
1524 2657 1706 2705 insulas
1731 2673 1869 2720 supe-

214 2743 299 2783 rat.
371 2739 531 2786 solum
556 2739 846 2802 caelumque
875 2748 923 2788 et
952 2739 1146 2803 ingenia
1170 2742 1429 2804 cultusque
1452 2739 1711 2788 hominum
1734 2739 1868 2787 haud

271 2876 295 2913 5
325 2864 395 2916 ac]
416 2873 486 2906 aut
508 2873 543 2906 Δ
684 2869 712 2907 6
741 2869 914 2907 crebrae
935 2869 1182 2918 eruptiones
1201 2869 1280 2908 huc
1298 2870 1548 2921 transposuit
1565 2869 1701 2907 Halm
1718 2882 1726 2906 :
1758 2866 1863 2906 codd.

211 2921 306 2968 post
324 2919 535 2960 desertum
557 2921 704 2960 habent
843 2935 893 2961 10
921 2923 1083 2962 auidius
1103 2928 1140 2961 A
1281 2935 1329 2962 12
1359 2924 1565 2962 conuiuiis
1586 2926 1670 2961 Γ-’Δ
1821 2934 1869 2969 13

214 2976 261 3008 et
283 2978 374 3010 erat
394 2978 440 3011 ut
460 2973 726 3014 Heinn'chsen
897 2990 943 3025 17
974 2977 1107 3026 gloria
1127 2989 1207 3017 om.
1230 2982 1265 3015 Δ
1429 2979 1483 3015 26
1512 2977 1585 3028 ob]
1608 2977 1649 3014 in
1672 2982 1707 3014 Δ
