2138 3470
794 159 1140 210 CORNELII
1178 159 1421 211 TACITI

277 308 437 359 1ratuS,
482 309 750 363 antequam
794 310 843 350 te
883 302 1018 363 Aper
1065 301 1336 349 offenderet
1369 289 1592 349 'maiores
1634 307 1746 348 tuos
1791 299 1940 348 laces-

275 381 463 429 sendo?

226 483 247 510 2
345 465 356 487 ‘
375 463 493 510 Non
529 463 666 511 sum'
701 461 864 525 inquit
895 463 1137 511 ‘offensus
1171 461 1294 525 Apri
1330 460 1428 510 mei
1462 460 1808 525 disputatione,
1844 477 1938 510 nec

272 557 359 590 vos
396 541 582 590 offendi
614 541 825 601 decebit,
864 541 906 589 si
938 541 1061 604 quid
1094 543 1219 590 forte
1253 541 1382 590 auris
1414 550 1597 590 vestras
1630 540 1933 605 perstringat,

271 639 386 671 cum
419 622 582 670 sciatis
607 624 737 671 hanc
769 638 876 670 esse
908 621 1012 670 eius
1037 621 1175 670 modi
1199 638 1482 670 sermonum
1506 623 1678 684 legem,
1697 621 1936 671 iudicium
1960 634 1982 674 5

269 702 422 751 animi
447 701 566 751 citra
590 704 830 750 damnum
854 703 1078 751 adfectus
1103 703 1347 764 proferre.'

223 795 245 833 3
343 785 549 846 ‘Perge’
586 782 745 846 inquit
784 785 1092 831 Maternus‘
1107 791 1156 830 et
1197 798 1312 831 cum
1349 783 1413 830 de
1453 780 1668 845 antiquis
1704 781 1931 845 loquaris,

270 872 406 913 utere
429 863 633 926 antiqua
657 864 893 923 libertate,
911 880 942 911 a
960 879 1058 926 qua
1075 864 1153 911 vel
1177 862 1330 927 magis
1356 861 1761 926 degeneravimus
1785 854 1938 926 quarn

268 945 332 994 ab
357 945 670 1008 eloquentia.'

178 1025 246 1072 28v
332 1026 401 1093 ,Et
428 1026 662 1074 Messalla
691 1029 702 1050 ‘
720 1042 823 1074 non
842 1024 1133 1085 reconditas,
1156 1027 1395 1084 Materne,
1415 1040 1587 1073 causas
1606 1022 1822 1087 requiris,
1842 1040 1936 1074 nec
1962 1042 2010 1070 ιο

266 1116 352 1155 aut
376 1106 465 1156 tibi
497 1106 590 1170 ipsi
621 1115 707 1155 aut
738 1105 855 1155 huic
880 1107 1113 1155 Secundo
1142 1108 1219 1155 vel
1248 1105 1365 1154 huic
1389 1107 1527 1169 Apro
1553 1104 1757 1168 ignotaS‚
1786 1104 1934 1154 etiam

266 1186 306 1234 si
333 1186 454 1234 mihi
477 1187 626 1250 partis
658 1186 925 1250 adsignatis
954 1185 1234 1250 proferendi
1259 1185 1309 1233 in
1346 1185 1567 1234 medium
1600 1202 1728 1247 quae
1759 1201 1933 1234 omnes

220 1282 239 1309 2
267 1268 517 1317 sentimus.
591 1267 701 1331 quis
730 1267 862 1316 enim
889 1267 1079 1331 ignorat
1104 1276 1153 1316 et
1177 1266 1510 1329 eloquentiam
1536 1275 1585 1315 et
1609 1276 1794 1315 ceteras
1817 1265 1933 1315 artis

264 1348 529 1397 descivisse
566 1349 630 1397 ab
672 1348 754 1396 illa
791 1357 953 1396 vetere
995 1347 1148 1410 gloria
1186 1363 1288 1396 non
1326 1346 1494 1410 inopia
1531 1346 1804 1406 hominum,
1843 1348 1932 1396 sed

265 1428 456 1477 desidia
502 1427 768 1477 iuventutis
816 1437 864 1477 et
912 1427 1220 1492 neglegentia
1274 1437 1551 1492 parentum>
1581 1438 1629 1477 et
1675 1427 1932 1477 inscientia
1957 1446 2005 1488 15

265 1509 671 1573 praecipientium
696 1518 745 1558 et
769 1508 1019 1557 oblivione
1051 1508 1198 1557 moris
1227 1507 1457 1572 antiqui?
1526 1525 1654 1571 quae
1686 1509 1814 1556 mala
1841 1507 1933 1571 pri-

266 1605 403 1638 mum
435 1589 486 1637 in
516 1590 637 1638 urbe
666 1597 793 1649 nata,
823 1605 939 1637 mox
966 1605 1053 1652 per
1079 1588 1271 1637 Italiam
1306 1591 1424 1649 fusa,
1453 1589 1550 1638 iam
1576 1588 1627 1637 in
1655 1587 1930 1652 provincias

218 1685 239 1723 3
266 1679 479 1719 manant.
567 1686 871 1733 quamquam
912 1678 1071 1718 vestra
1111 1669 1251 1719 vobis
1298 1669 1491 1719 notiora
1537 1678 1679 1719 sunt:
1733 1685 1825 1732 ego
1865 1669 1931 1718 de

264 1751 385 1799 urbe
417 1761 466 1800 et
501 1751 576 1799 his
613 1750 819 1814 propriis
855 1767 914 1799 ac
942 1750 1214 1799 vernaculis
1247 1749 1375 1799 vitiis
1411 1753 1595 1814 loquar,
1623 1767 1751 1813 quae
1786 1742 1928 1798 natos

263 1831 427 1879 statim
461 1831 711 1895 excipiunt
740 1840 788 1880 et
817 1848 904 1894 per
935 1830 1152 1894 singulos
1181 1830 1353 1880 aetatis
1385 1832 1563 1894 gradus
1601 1832 1923 1890 cumulantur,
1953 1850 2003 1878 πο

263 1912 303 1960 si
329 1912 460 1975 prius
486 1914 549 1961 de
574 1911 830 1961 severitate
852 1928 911 1960 ac
936 1910 1196 1974 disciplina
1221 1910 1462 1960 maiorum
1487 1911 1616 1960 circa
1640 1912 1927 1960 educandos

212 2005 238 2043 4
264 1994 648 2056 formandosque
674 1993 852 2042 liberos
885 2009 1042 2056 pauca
1071 1992 1370 2055 praedixero.
1443 2010 1559 2041 narn
1589 1992 1781 2056 pridem
1810 2008 1927 2041 suus

263 2073 441 2136 cuique
467 2074 606 2133 filius,
635 2090 694 2122 ex
727 2083 860 2122 casta
889 2083 1090 2136 parente
1123 2082 1279 2133 natus,
1309 2090 1411 2122 non
1440 2073 1491 2121 in
1524 2074 1700 2123 cellula
1731 2082 1927 2137 emptae

262 2153 475 2213 nutriciS,
503 2155 592 2203 sed
623 2152 809 2216 gremio
841 2170 899 2202 ac
933 2153 1041 2202 sinu
1076 2153 1242 2202 matris
1276 2154 1590 2213 educabatur,
1619 2153 1759 2203 cuius
1793 2169 1927 2217 prae-

213 2252 234 2291 5
260 2234 404 2298 cipua
428 2236 534 2283 laus
558 2244 660 2283 erat
685 2234 806 2283 tueri
838 2235 1045 2283 domum
1071 2243 1120 2283 et
1144 2233 1374 2283 inservire
1406 2234 1583 2283 liberis.
1658 2233 1926 2298 eligebatur
1951 2248 2000 2288 25

257 2324 422 2363 autem
449 2314 603 2363 maior
625 2314 790 2377 aliqua
817 2323 935 2363 natu
963 2313 1251 2378 propinqua,
1272 2314 1411 2363 cuius
1436 2314 1653 2378 probatis
1678 2313 1926 2378 spectatis·

258 2411 355 2457 que
382 2394 599 2443 moribus
618 2394 780 2443 omnis
801 2394 1024 2443 eiusdem
1049 2394 1261 2443 familiae
1286 2395 1484 2443 suboles
1508 2393 1895 2444 committeretur
1913 2412 1925 2453 ς

258 2491 421 2523 eoram
455 2491 553 2537 qua
591 2492 753 2538 neque
790 2475 954 2524 dicere
990 2476 1062 2523 fas
1098 2484 1201 2523 erat
1235 2476 1372 2538 quod
1408 2484 1549 2538 turpe
1584 2473 1733 2534 dictu,
1761 2490 1924 2538 neque

210 2565 234 2603 6
258 2556 415 2603 facere
463 2556 599 2617 quod
649 2554 965 2603 inhonestum
1014 2555 1145 2603 factu
1187 2553 1443 2603 videretur.
1516 2570 1574 2602 ac
1621 2570 1723 2602 non
1761 2553 1924 2603 studia

259 2636 409 2683 modo
447 2652 698 2697 curasque,
733 2637 820 2683 sed
858 2634 1168 2683 remissiones
1205 2634 1352 2683 etiam
1388 2634 1622 2697 lususque
1658 2650 1921 2697 puerorum
1946 2647 1997 2686 30

311 2776 337 2812 3
357 2763 461 2814 Apri
486 2765 565 2803 mei
588 2764 907 2813 Schurzfleisch.
900 2778 907 2786 ·
939 2778 963 2803 a
986 2765 1117 2814 prima
1143 2763 1283 2804 codd..
1273 2778 1283 2787 ·
1312 2762 1476 2813 Aprina
1498 2763 1608 2814 Lips.
1696 2775 1775 2803 nec
1795 2762 1919 2805 Put.:

258 2831 353 2857 nam
385 2823 440 2867 et,
466 2831 560 2856 nam
593 2830 671 2856 nec
701 2817 837 2856 codd:
885 2831 962 2856 nec
989 2831 1099 2857 nunc
1128 2817 1316 2857 Peterson
1507 2818 1533 2856 8
1563 2830 1588 2856 a
1611 2830 1694 2867 qua
1715 2816 1795 2855 3²·
1836 2829 1921 2866 qua

257 2876 336 2910 cett.
473 2884 522 2910 10
551 2871 612 2923 et]
637 2872 706 2921 qui
730 2871 841 2908 AB:
874 2872 940 2909 cui
962 2871 1099 2910 Halm
1234 2884 1279 2920 17
1311 2871 1353 2909 in
1375 2869 1528 2909 BEH:
1558 2882 1640 2909 om.
1662 2875 1743 2910 cett.
1866 2883 1915 2910 21

259 2927 312 2964 de
334 2925 414 2963 3²:
445 2938 470 2963 a
491 2929 569 2964 cett.
689 2938 741 2972 23
772 2925 879 2963 cella
903 2925 1089 2976 (cellula)
1112 2924 1179 2963 D:
1212 2925 1359 2963 cellam
1380 2928 1489 2965 cett.:
1521 2924 1629 2963 cella
1647 2923 1742 2963 Put.
1865 2937 1917 2973 24

258 2980 299 3016 in
322 2978 485 3028 gremio
505 2977 621 3018 And
789 2989 840 3026 25
870 2984 941 3016 aut
962 2979 1197 3028 eligebatur
1217 2977 1365 3017 Meiser
