2138 3470
786 143 1132 220 coRNELn
1168 171 1412 221 TACITI

266 324 439 372 parum
480 308 758 358 laboratur:
810 324 905 358 nec
945 308 997 357 in
1036 308 1318 359 auctoribus
1355 310 1713 374 cognoscendis
1748 316 1844 361 nec
1876 310 1929 361 in

266 391 541 440 evolvenda
571 389 865 454 antiquitate
897 406 992 439 nec
1027 389 1080 438 in
1111 389 1337 439 notitiam
1368 392 1447 440 vel
1481 407 1642 441 rerum
1665 393 1743 441 vel
1774 391 1931 441 homi-

221 492 240 520 2
265 488 387 521 num
411 473 489 522 vel
513 481 794 536 temporum
826 471 941 520 satis
966 488 1145 535 operae
1173 471 1445 522 insumitur.
1518 474 1607 522 sed
1638 482 1932 538 expetuntur

266 568 391 616 quos
416 554 635 602 rhetoras
658 560 839 600 vocant
855 569 870 611 ,·
904 567 1114 614 quorum
1146 551 1386 615 professio
1411 555 1613 616 quando
1640 553 1854 617 primum
1878 552 1931 604 in

266 635 395 682 banc
430 634 605 682 urbem
641 632 923 681 introducta
954 631 1016 680 sit
1045 648 1295 695 quamque
1330 634 1516 681 nullam
1552 634 1687 697 apud
1721 633 1930 684 maiores
1954 645 1998 693 54

265 723 458 764 nostros
499 713 841 763 auctoritatem
877 712 1115 773 habuerit,
1156 712 1320 762 statim
1355 713 1574 763 dicturus
1610 715 1816 764 referam
1850 731 1932 764 ne-

265 812 403 845 cesse
437 804 513 845 est
545 794 768 844 animum
802 795 868 844 ad
904 810 1014 844 eam
1052 793 1377 857 disciplinam,
1410 811 1509 858 qua
1545 811 1661 845 usos
1703 811 1811 846 esse
1845 812 1930 846 eos

265 885 481 925 oratores
526 875 822 939 accepimus,
874 891 1085 938 quorum
1137 873 1356 924 infinitus
1403 875 1542 924 labor
1589 884 1638 925 et
1683 874 1933 926 cotidiana

264 955 521 1005 meditatio
562 965 611 1004 et
646 955 698 1003 in
733 954 870 1004 omni
906 972 1085 1019 genere
1122 954 1398 1004 studiorum
1437 955 1665 1005 assiduae
1706 955 1933 1006 exercita-

215 1050 238 1089 3
264 1036 424 1095 tiones
464 1036 684 1101 ipsorum
726 1035 874 1085 etiam
917 1035 1233 1085 continentur
1278 1035 1425 1085 libris,
1499 1045 1646 1086 notus
1682 1046 1756 1087 est
1789 1036 1930 1087 vobis
1957 1050 2006 1079 10

263 1116 435 1180 utique
468 1116 722 1167 Ciceronis
758 1116 892 1176 liber,
926 1116 1012 1180 qui
1050 1119 1230 1166 Brutus
1266 1116 1556 1178 inscribitur,
1592 1116 1644 1165 in
1679 1117 1820 1167 cuius
1855 1134 1932 1167 ex-

263 1206 419 1247 trema
441 1206 579 1261 parte
596 1196 732 1261 (nam
751 1196 882 1261 prior
897 1196 1422 1246 commemorationem
1442 1206 1664 1246 veterum
1682 1206 1931 1247 oratorum

262 1277 434 1343 habet)
460 1295 549 1328 sua
580 1277 730 1338 initia,
759 1294 874 1327 suos
906 1279 1098 1342 graduS,
1128 1295 1247 1327 suae
1283 1278 1595 1342 eloquentiae
1618 1279 1753 1328 velut
1781 1294 1932 1342 quan-

261 1361 380 1409 dam
421 1359 769 1409 educationem
809 1360 982 1408 refert:
1035 1375 1089 1408 se
1129 1359 1264 1423 apud
1305 1359 1367 1421 Q.
1406 1358 1634 1408 Mucium
1675 1358 1751 1408 ius
1788 1358 1931 1408 civile

261 1439 505 1500 didicisse,
555 1440 691 1503 apud
739 1438 1000 1488 Philonem
1049 1438 1423 1500 Academicum,
1468 1441 1603 1503 apud
1652 1439 1928 1489 Diodotum
1955 1461 2003 1505 15

262 1520 484 1570 Stoicum
515 1519 677 1570 omnis
709 1519 1054 1584 philosophiae
1086 1519 1235 1584 partis
1259 1519 1456 1583 penitus
1480 1518 1702 1569 hausisse
1717 1537 1732 1580 3
1765 1535 1930 1583 neque

259 1602 319 1652 iis
343 1601 630 1652 doctoribus
650 1609 953 1661 contentum,
975 1617 1186 1665 quorum
1206 1600 1251 1650 ei
1270 1600 1415 1665 copia
1433 1600 1484 1650 in
1502 1601 1625 1650 urbe
1643 1590 1926 1664 contigerat,

259 1683 503 1732 Achaiam
539 1699 740 1746 quoque
772 1691 821 1731 et
852 1681 1024 1731 Asiam
1059 1698 1351 1746 peragrasse,
1379 1690 1435 1731 ut
1465 1698 1667 1731 omnem
1703 1680 1928 1731 omnium

207 1776 234 1816 4
259 1765 437 1814 artium
469 1763 753 1814 varietatem
785 1765 1204 1827 complecteretur.
1280 1763 1447 1826 itaque
1479 1764 1679 1812 hercule
1709 1762 1762 1811 in
1793 1761 1927 1812 libris

259 1845 513 1896 Ciceronis
538 1845 910 1908 deprehendere
936 1843 1062 1903 licet,
1092 1859 1194 1892 non
1223 1842 1532 1907 geometriae,
1560 1859 1664 1892 non
1692 1841 1923 1903 musicae,
1951 1857 2005 1886 20

257 1942 359 1975 non
377 1924 737 1990 grammaticae,
757 1940 859 1972 non
876 1923 1093 1986 denique
1113 1922 1258 1972 ullius
1278 1922 1520 1987 ingenuae
1537 1922 1652 1972 artis
1670 1922 1927 1973 scientiam

255 2006 299 2055 ei
333 2005 561 2055 defuisse.
635 2005 716 2054 ille
749 2003 1036 2054 dialecticae
1068 2003 1402 2064 subtilitatem,
1433 2003 1514 2053 ille
1545 2003 1742 2054 moralis
1776 2003 1927 2068 partis

204 2097 225 2136 5
252 2085 525 2146 utilitatem,
554 2084 635 2134 ille
667 2101 829 2134 rerum
866 2093 1030 2134 motus
1068 2100 1341 2148 causasque
1374 2093 1682 2149 cognoverat.
1754 2083 1822 2134 ita
1853 2094 1928 2134 est

251 2166 397 2226 enim,
449 2165 623 2229 optimi
671 2165 770 2225 viri,
818 2164 913 2214 ita:
977 2183 1037 2215 ex
1085 2167 1240 2214 multa
1288 2165 1563 2215 eruditione
1610 2173 1659 2214 et
1704 2164 1926 2229 plurimis

249 2247 434 2297 artibus
468 2257 516 2297 et
549 2246 773 2296 omnium
813 2263 974 2296 rerum
1011 2245 1216 2295 scientia
1250 2247 1465 2296 exundat
1497 2255 1546 2296 et
1576 2245 1810 2295 exuberat
1843 2245 1926 2295 illa
1951 2259 1997 2300 25

249 2327 550 2377 admirabilis
585 2326 867 2391 eloquentia
894 2346 906 2387 3
945 2344 1109 2391 neque
1145 2327 1349 2376 oratoris
1373 2326 1445 2376 vis
1475 2335 1524 2376 et
1554 2327 1771 2386 facultaS‚
1799 2324 1926 2375 sicut

251 2417 521 2456 ceterarum
548 2424 720 2467 rerum,
753 2407 972 2472 angustis
1001 2417 1050 2458 et
1075 2408 1306 2458 brevibus
1336 2407 1554 2458 terminis
1582 2406 1807 2466 cluditur,
1834 2408 1923 2455 sed

250 2487 290 2536 is
315 2498 389 2537 est
413 2497 586 2548 orator,
611 2487 694 2552 qui
723 2490 786 2538 de
815 2489 952 2538 omni
980 2489 1269 2553 quaestione
1293 2490 1496 2554 pulchre
1520 2497 1569 2538 et
1592 2496 1762 2537 ornate
1786 2495 1836 2536 et
1857 2487 1923 2535 ad

250 2570 649 2632 persuadendum
679 2580 794 2634 apte
822 2571 985 2620 dicere
1010 2587 1099 2634 pro
1118 2570 1355 2634 dignitate
1378 2585 1551 2628 rerum,
1573 2569 1639 2617 ad
1662 2566 1922 2616 utilitatem

252 2658 543 2712 temporum,
577 2667 690 2699 cum
716 2653 967 2714 voluptate
990 2650 1297 2700 audientium
1322 2648 1488 2713 possit.
1945 2659 1998 2700 30

176 2730 231 2778 31
323 2732 440 2779 Hoc
479 2730 571 2779 sibi
617 2731 685 2779 illi
727 2740 914 2781 veteres
961 2739 1312 2795 persuaserant,
1352 2730 1418 2779 ad
1464 2729 1561 2777 hoc
1607 2726 1921 2776 efficiendum

308 2874 332 2900 2
364 2861 515 2901 notitia
551 2858 663 2899 ΒἾζ2
840 2861 868 2898 6
897 2860 1038 2899 statim
1060 2860 1244 2899 dicturus
1265 2857 1309 2907 J.
1334 2857 1382 2897 F.
1410 2855 1662 2896 Gronovius:
1704 2856 1759 2895 de
1791 2854 1921 2894 curiis

253 2916 394 2954 statim
420 2914 531 2954 codd.
698 2926 725 2963 9
754 2914 1082 2953 exercitationes
1102 2911 1199 2951 B'E
1205 2912 1245 2950 V
1253 2927 1261 2950 :
1293 2910 1612 2950 exercitationis
1633 2913 1712 2950 cett.
1871 2921 1921 2947 10

254 2969 374 3007 vobis
398 2969 530 3008 Rhen.
551 2981 559 3005 ι
592 2967 713 3006 nobis
734 2966 844 3006 codd.
999 2980 1046 3015 14
1079 2966 1207 3005 refert
1230 2964 1307 3004 13²:
1340 2964 1498 3003 referre
1520 2967 1603 3002 cett.
1743 2964 1798 3001 26
1826 2974 1919 3001 ora-

255 3022 387 3060 tionis
412 3022 596 3060 Goelzer:
630 3021 813 3060 oratoria
830 3020 872 3069 J.
899 3019 1051 3059 Mt'c‘ller
