2138 3470
641 155 997 205 DIALOGUS
1036 156 1130 203 DE
1169 154 1626 206 ORATORIBUS

371 295 503 342 Tum
531 293 614 343 ille
645 295 828 357 ‘leges'
855 293 1015 358 inquit
1051 293 1199 358 ‘quid
1229 295 1485 343 Maternus
1518 293 1611 343 sibi
1647 295 1886 356 debuerit,
1914 305 1963 346 et
1990 309 2012 348 3

302 374 575 438 adgnosces
599 391 726 440 quae
749 375 942 424 audisti.
1015 376 1153 440 quod
1183 374 1224 424 si
1256 391 1354 439 qua
1378 374 1543 424 omisit
1569 376 1709 435 Cat0,
1739 376 1962 439 sequenti

303 454 587 505 recitatione
611 457 852 519 Thyestes
875 456 1042 518 dicet3
1075 458 1205 506 hanc
1237 455 1370 505 enirn
1405 455 1709 519 tragoediam
1742 456 1962 520 disposui

302 535 400 585 iam
437 545 487 585 et
526 535 651 586 intra
692 553 772 587 me
808 537 914 601 ipse
953 536 1170 587 formavi.
1243 545 1392 600 atque
1428 535 1542 586 ideo
1579 544 1820 585 maturare
1855 536 1963 585 libri

257 630 279 669 5
302 616 448 666 huius
472 617 740 667 editionem
764 617 955 679 festino,
977 627 1032 667 ut
1055 617 1257 668 dimissa
1281 616 1440 681 priore
1465 633 1580 666 cura
1604 633 1763 666 novae
1787 616 1964 680 cogita-

302 697 425 747 tioni
448 707 554 747 toto
578 708 776 762 pectore
798 696 1115 748 incumbam!

374 780 544 828 ‘Adeo
572 788 622 828 te
653 779 932 843 tragoediae
962 779 1084 831 istae
1115 796 1217 828 non
1251 778 1457 839 satiant,'
1482 778 1642 842 inquit
1674 780 1809 842 Aper
1837 783 1963 842 ‘quo
1987 797 2012 835 4

303 858 465 907 minus
489 859 681 908 omissis
706 859 982 909 orationum
1016 869 1066 909 et
1101 876 1359 908 causarum
1385 859 1558 908 studiis
1591 875 1740 908 omne
1769 868 1962 923 tempus

303 942 456 989 modo
487 939 620 989 circa
646 942 895 1000 Medeam,
924 957 1041 990 ecce
1073 957 1207 989 nunc
1236 940 1365 989 circa
1389 942 1658 1004 Thyestem
1684 957 1959 1000 consumas,

229 1037 280 1066 10
301 1036 415 1069 cum
461 1029 511 1069 te
556 1030 630 1070 tot
668 1021 940 1071 amicorum
961 1026 1170 1082 causae,
1215 1031 1288 1070 tot
1330 1021 1633 1071 coloniarum
1676 1030 1724 1070 et
1763 1021 1963 1070 munici-

300 1101 493 1165 piorum
533 1102 789 1152 clientelae
827 1102 880 1151 in
920 1104 1081 1152 forum
1122 1112 1313 1163 vocent,
1359 1102 1538 1166 quibus
1580 1102 1659 1150 vix
1699 1102 1957 1162 suffeceris,

299 1183 448 1232 etiam
494 1182 535 1231 si
580 1200 683 1232 non
728 1201 914 1233 novum
953 1183 1044 1233 tibi
1091 1183 1196 1248 ipse
1237 1183 1490 1247 negotium
1537 1182 1864 1247 importasses,
1910 1190 1968 1231 ut

302 1262 580 1313 Domitium
611 1272 661 1313 et
696 1264 953 1325 Catonem,
988 1263 1040 1314 id
1076 1273 1150 1314 est
1188 1273 1378 1313 nostras
1414 1280 1615 1327 quoque
1653 1262 1878 1313 historias
1914 1273 1962 1312 et

302 1345 531 1394 Romana
553 1344 757 1394 nomina
780 1347 1134 1395 Graeculorum
1158 1344 1335 1395 fabulis
1359 1346 1678 1408 adgregareS.'

231 1443 278 1483 15
371 1427 436 1475 Et
473 1428 760 1476 Maternus:
799 1427 1131 1491 ‘perturbarer
1171 1427 1264 1475 hac
1302 1435 1387 1475 tua
1428 1426 1695 1486 severitate,
1739 1425 1832 1475 nisi
1874 1428 1962 1475 fre·
1982 1429 2013 1476 4

301 1522 459 1570 quens
492 1515 543 1556 et
576 1506 775 1557 assidua
813 1506 958 1556 nobis
994 1506 1247 1556 contentio
1288 1505 1386 1555 iam
1427 1522 1582 1570 prope
1617 1506 1668 1554 in
1704 1516 1962 1556 consuetu—

300 1586 469 1636 dinem
509 1587 742 1638 vertisset.
827 1605 943 1637 nam
990 1605 1083 1637 nec
1130 1597 1183 1636 tu
1228 1586 1410 1650 agitare
1456 1596 1505 1636 et
1551 1587 1743 1651 insequi
1790 1598 1961 1652 poetas

299 1667 589 1729 intermittis,
650 1677 700 1718 et
755 1685 860 1732 ego,
917 1667 998 1717 cui
1055 1667 1296 1718 desidiam
1347 1668 1730 1717 advocationum
1789 1668 1957 1729 obicis,

299 1749 604 1799 cotidianum
627 1751 725 1801 hoc
747 1749 1076 1815 patrocinium
1100 1750 1446 1800 defendendae
1480 1750 1712 1798 adversus
1738 1758 1787 1798 te
1810 1749 1962 1813 poeti-

227 1847 277 1876 20
298 1847 387 1880 cae
410 1847 626 1881 exerceo,
697 1847 799 1895 quo
822 1833 978 1880 laetor
1009 1829 1163 1894 magis
1193 1830 1415 1879 oblatum
1449 1828 1593 1878 nobis
1618 1829 1846 1889 iudicem,
1875 1829 1960 1892 qui
1979 1850 2005 1878 .2

299 1929 380 1961 me
425 1914 503 1962 vel
549 1912 601 1961 in
651 1914 869 1962 futurum
916 1921 1049 1962 vetet
1102 1927 1269 1960 versus
1316 1912 1488 1971 facere,
1540 1912 1630 1970 vel,
1680 1911 1817 1973 quod
1862 1909 1959 1959 iam

298 1992 489 2056 pridem
524 2002 655 2057 opto,
685 2010 772 2043 sua
804 2006 1005 2057 quoque
1038 1991 1328 2042 auctoritate
1363 1993 1638 2055 compellat,
1679 2000 1732 2040 ut
1768 1991 1959 2040 omissis

298 2073 565 2123 forensium
589 2091 846 2124 causarum
868 2073 1118 2138 angustiis,
1146 2073 1197 2122 in
1221 2072 1402 2138 quibus
1427 2072 1548 2120 mihi
1573 2072 1687 2121 satis
1718 2089 1960 2135 superque

299 2155 528 2203 sudatum
565 2163 650 2215 est,
679 2154 972 2204 sanctiorem
1007 2154 1140 2203 illam
1176 2162 1226 2203 et
1259 2152 1590 2216 augustiorem
1627 2152 1958 2215 eloquentiam

226 2252 274 2292 ²5
297 2236 489 2284 colam.’
1066 2295 1069 2297 ,

371 2321 382 2343 ‘
398 2319 505 2380 Ego
524 2333 639 2366 vero
659 2319 669 2341 '
694 2316 853 2380 inquit
872 2317 1145 2376 Secundus,
1177 2320 1189 2343 ‘
1205 2323 1471 2378 antequam
1490 2331 1571 2363 me
1594 2313 1810 2363 iudicem
1826 2317 1960 2378 Aper
1982 2317 2013 2366 5

297 2406 500 2457 recuset,
529 2397 705 2446 faciam
730 2399 867 2460 quod
892 2396 1034 2460 probi
1059 2406 1107 2445 et
1136 2395 1377 2445 moderati
1412 2394 1600 2443 iudices
1630 2396 1801 2454 solent,
1830 2404 1883 2443 ut
1907 2394 1958 2442 in

298 2477 355 2526 iis
402 2478 765 2541 cognitionibus
811 2494 858 2526 se
903 2485 1148 2536 excusent,
1198 2476 1250 2524 in
1296 2475 1476 2538 quibus
1524 2475 1838 2524 manifestum
1885 2484 1958 2523 est

298 2561 499 2609 alteram
550 2560 685 2622 apud
736 2574 821 2608 eos
873 2566 1060 2621 partem
1107 2556 1258 2620 gratia
1308 2557 1596 2620 praevalere.
1670 2555 1778 2618 quis
1825 2555 1957 2604 enim
1984 2575 2002 2601 2

225 2654 278 2693 30
299 2640 454 2690 nescit
489 2639 739 2689 neminem
778 2638 898 2687 mihi
936 2636 1325 2687 coniunctiorem
1361 2653 1468 2684 esse
1504 2644 1552 2684 et
1587 2651 1680 2684 usu
1714 2634 1957 2683 amicitiae

358 2786 375 2812 1
410 2773 632 2823 intelleges
656 2772 780 2822 Greeff
889 2771 1025 2822 inquit
1043 2771 1144 2821 quid
1164 2770 1301 2809 Halm
1321 2784 1330 2809 ε
1361 2774 1405 2809 tu
1428 2771 1526 2816 (om.
1550 2768 1600 2815 C)
1622 2767 1722 2817 quid
1744 2766 1876 2817 (quod
1895 2765 1955 2814 D)

300 2826 410 2869 codd.
538 2841 585 2866 12
606 2833 652 2867 ut
672 2826 766 2866 add.
789 2824 967 2865 Niebuhr
1114 2838 1162 2873 14
1183 2836 1416 2874 aggregare
1435 2823 1622 2861 Muretus
1742 2834 1793 2870 24
1824 2817 1954 2869 illam]

300 2881 468 2974 lls²iiahrgeu
451 2880 542 2974 1313
570 2884 623 2934 (et
649 2880 706 2920 sic
730 2881 860 2932 saepe)
891 2879 936 2919 D
1114 2889 1166 2926 27
1196 2878 1376 2918 modesti
1400 2875 1477 2918 CD
1699 2876 1752 2913 28
1780 2888 1827 2913 se
1857 2873 1950 2914 add.
