2138 3470
781 166 1127 215 CORNELII
1164 167 1408 217 TACITI

204 312 234 362 7
330 304 592 369 Equidem,
621 313 675 355 ut
703 306 768 355 de
800 322 881 356 me
912 304 1021 370 ipso
1053 307 1217 367 fatear,
1245 322 1349 356 non
1372 323 1490 356 eum⁴
1518 307 1653 358 diem
1676 307 1928 360 laetiorem

260 387 348 451 egi,
377 403 479 451 quo
504 386 626 435 mihi
650 388 776 436 latus
806 389 973 436 clavus
1002 387 1197 436 oblatus
1227 396 1313 449 est,
1339 390 1418 437 vel
1449 404 1551 452 quo
1582 390 1736 440 homo
1769 406 1928 440 novus

260 477 308 518 et
333 468 384 517 in
409 467 606 519 civitate
630 467 835 517 minime
858 467 1114 518 favorabili
1145 477 1290 518 natus
1322 478 1637 533 quaesturam
1664 478 1751 520 aut
1780 469 1930 521 tribu-

259 558 431 599 natum
466 558 553 598 aut
589 557 867 613 praeturam
905 549 1088 614 accepi,
1134 565 1286 613 quam
1323 567 1423 611 e08‚
1462 550 1642 614 quibus
1680 551 1803 602 mihi
1838 569 1928 618 pro

259 629 599 680 mediocritate
640 630 787 680 huius
828 633 1314 695 quantulaecumque
1347 630 1400 680 in
1435 631 1651 682 dicendo
1685 633 1928 684 facultatis
1952 649 1974 689 5

258 721 342 760 aut
383 728 523 761 reum
569 727 805 776 prospere
851 713 1119 762 defendere
1155 721 1242 762 aut
1281 714 1417 777 apud
1452 713 1784 764 centumviros
1819 731 1929 765 cau-

258 809 362 842 sam
397 792 616 857 aliquam
649 793 855 843 feliciter
886 810 1025 843 orare
1056 803 1141 843 aut
1175 795 1313 858 apud
1347 794 1621 859 principem
1655 794 1790 860 ipsos
1818 795 1928 846 illos

257 875 458 924 libertos
489 884 538 924 et
567 883 908 939 procuratores
941 875 1222 940 principum
1253 874 1379 925 tueri
1403 884 1452 925 et
1475 877 1744 926 defendere
1767 877 1923 927 datur.

210 979 229 1004 2
256 966 362 1006 tum
388 956 510 1005 mihi
534 973 682 1021 supra
700 956 977 1007 tribunatus
1002 966 1051 1007 et
1075 966 1326 1021 praeturas
1350 966 1400 1006 et
1423 960 1708 1008 consulatus
1725 960 1928 1008 ascend-

258 1055 338 1095 ere
378 1038 560 1099 videor‚
607 1047 713 1088 tum
752 1039 936 1089 habere
973 1041 1124 1103 quod,
1161 1039 1202 1088 si
1242 1055 1345 1088 non
1382 1039 1434 1088 in
1467 1039 1595 1092 ’talio
1629 1039 1794 1100 oritur,
1833 1057 1927 1090 nec
1952 1059 2002 1090 10

210 1135 232 1173 3
256 1119 495 1169 codicillis
528 1121 675 1170 datur
711 1137 805 1171 nec
846 1137 962 1170 cum
994 1120 1148 1185 gratia
1174 1120 1322 1171 venit.
1363 1120 1523 1184 quid?
1570 1122 1702 1171 fama
1737 1130 1786 1171 et
1820 1122 1926 1172 laus

256 1200 395 1250 cuius
410 1201 526 1250 artis
545 1218 661 1251 cum
681 1210 931 1252 oratorum
947 1202 1099 1266 gloria
1114 1203 1449 1267 comparanda
1463 1204 1574 1252 est?
1630 1202 1789 1267 quid?
1822 1220 1925 1253 non

254 1281 482 1332 inlustres
512 1291 628 1332 sunt
659 1282 711 1332 in
744 1284 868 1334 urbe
899 1299 1002 1333 non
1032 1286 1194 1334 solum
1225 1285 1360 1349 apud
1389 1283 1672 1348 negotiosos
1701 1293 1751 1334 et
1778 1285 1924 1336 rebus

254 1362 485 1424 intentOS,
530 1365 620 1413 sed
661 1363 811 1414 etiam
845 1366 982 1429 apud
1022 1364 1227 1415 iuvenes
1263 1382 1447 1415 vacuos
1488 1374 1538 1415 et
1576 1366 1920 1427 adulescentiS‚

204 1467 231 1506 4
255 1444 435 1507 quibus
468 1446 623 1494 modo
652 1454 784 1494 recta
815 1444 1009 1495 indoles
1043 1453 1118 1495 est
1152 1454 1202 1496 et
1233 1446 1367 1496 bona
1398 1462 1511 1510 spes
1542 1445 1655 1496 sui?
1711 1463 1923 1510 quorum
1950 1459 1995 1502 15

253 1525 458 1576 nomina
493 1526 627 1590 prius
663 1536 891 1591 parentes
927 1526 1093 1577 liberis
1125 1526 1230 1578 suis
1265 1527 1534 1591 ingerunt?
1566 1543 1694 1591 quos
1729 1527 1923 1592 saepius

252 1609 426 1671 vulgus
458 1623 662 1671 quoque
693 1607 978 1672 imperitum
1021 1617 1070 1658 et
1108 1608 1356 1658 tunicatus
1397 1608 1479 1657 hic
1519 1610 1733 1672 populus
1773 1617 1924 1659 trans-

253 1688 415 1738 euntis
454 1689 658 1739 nomine
690 1698 834 1740 vocat
869 1698 919 1739 et
950 1689 1106 1753 digito
1141 1691 1484 1740 demonstrat?
1551 1690 1776 1739 advenae
1805 1706 1925 1754 quo·

253 1787 351 1834 que
380 1779 430 1820 et
459 1770 701 1835 peregrini
730 1770 827 1820 iam
861 1770 913 1819 in
943 1770 1223 1835 municipiis
1256 1779 1304 1820 et
1333 1770 1541 1820 coloniis
1573 1769 1673 1820 suis
1708 1770 1918 1832 auditOS,

253 1868 368 1900 cum
403 1851 619 1916 primum
654 1852 829 1902 urbem
865 1852 1141 1916 attigerunt,
1179 1851 1431 1915 requirunt
1468 1868 1528 1901 ac
1565 1852 1699 1902 velut
1738 1853 1923 1916 adgno·
1949 1868 1998 1896 20

251 1949 388 1982 scere
412 1932 785 1996 concupiscunt.

197 2017 227 2063 8
320 2014 496 2063 Ausim
544 2015 848 2064 contendere
896 2015 1190 2063 Marcellum
1249 2015 1384 2065 hunc
1438 2013 1657 2078 Eprium,
1709 2015 1774 2065 de
1820 2031 1922 2079 quo

252 2098 406 2146 modo
452 2098 648 2146 locutus
698 2112 822 2157 sum,
873 2105 922 2146 et
958 2095 1189 2160 Crispum
1231 2095 1437 2145 Vibium
1486 2095 1740 2162 (libentius
1787 2096 1920 2147 enim

251 2177 392 2227 novis
429 2186 478 2227 et
513 2177 794 2227 recentibus
832 2194 984 2242 quam
1026 2177 1226 2227 remotis
1265 2186 1315 2227 et
1352 2176 1644 2227 oblitteratis
1683 2176 1919 2242 exemplis

252 2260 383 2324 utor)
408 2275 511 2308 non
545 2258 760 2308 minores
789 2275 898 2309 esse
921 2259 973 2308 in
997 2258 1225 2308 extremis
1261 2258 1481 2323 partibus
1507 2267 1742 2308 terrarum
1768 2274 1918 2321 quam
1944 2275 1992 2314 25

203 2359 222 2386 2
251 2343 455 2405 Capuae
489 2349 574 2389 aut
606 2340 857 2401 Vercellis,
893 2339 979 2390 ubi
1015 2339 1117 2389 nati
1149 2339 1393 2389 dicuntur.
1466 2355 1560 2388 nec
1595 2340 1692 2388 hoc
1726 2338 1821 2387 illis
1854 2340 1920 2388 al-

250 2422 398 2471 terius
422 2423 504 2481 bis,
533 2422 735 2470 alterius
758 2430 831 2470 ter
862 2420 1020 2470 milies
1052 2420 1329 2470 sestertium
1362 2429 1586 2484 praestat,
1615 2436 1918 2483 quamquam

248 2504 314 2552 ad
361 2504 450 2551 has
497 2502 627 2565 ipsas
675 2519 796 2566 opes
843 2509 1051 2566 possunt
1097 2500 1252 2551 videri
1306 2500 1619 2565 eloquentiae
1673 2500 1918 2551 beneficio

249 2584 455 2645 venisse,
490 2586 575 2633 sed
604 2583 711 2647 ipsa
746 2583 1030 2647 eloquentia
1047 2600 1062 2644 3
1094 2583 1236 2632 cuius
1274 2599 1460 2632 numen
1499 2590 1549 2631 et
1586 2582 1810 2631 caelestis
1846 2581 1918 2630 vis

307 2726 324 2753 1
350 2714 441 2763 ipse
460 2711 499 2750 Β
605 2726 655 2751 10
674 2712 830 2751 habere
847 2711 1062 2752 Pithoeus:
1089 2711 1204 2751 abire
1220 2710 1329 2752 codd.
1388 2711 1484 2751 albo
1504 2708 1564 2750 V:
1588 2708 1684 2750 alvo
1697 2709 1917 2751 Pithoeus:

248 2768 389 2808 animo
429 2766 708 2806 Freinsheim:
754 2767 895 2816 aliquo
934 2766 1069 2805 Ritter
1252 2778 1300 2805 12
1328 2766 1455 2816 quid?
1486 2764 1624 2804 Roth:
1672 2765 1746 2815 qui
1777 2764 1917 2806 codd.:

247 2823 418 2873 quinam
459 2820 727 2859 inlustriores
770 2820 898 2859 Orelli
1098 2832 1144 2869 13
1183 2826 1281 2860 sunt
1313 2818 1525 2870 Schopen:
1571 2825 1614 2859 et
1654 2819 1769 2870 (ante
1807 2820 1914 2872 non)

246 2875 355 2915 codd.
452 2887 500 2924 14
531 2875 710 2914 iuvenes
730 2887 886 2913 vacuos
910 2873 1016 2915 Gud.
1037 2888 1047 2914 z
1075 2886 1234 2913 vacuos
1253 2872 1319 2912 B:
1350 2874 1528 2913 iuvenes
1548 2877 1629 2914 cett.
1721 2884 1770 2924 15
1800 2880 1917 2914 recta

247 2938 290 2970 ct
309 2929 462 2969 ACD:
493 2935 609 2968 reeta
631 2935 695 2968 est
721 2928 827 2968 Gud.
1054 2933 1119 2968 est
1140 2941 1222 2968 om.
1247 2925 1334 2967 EV
1468 2939 1521 2977 25
1551 2927 1738 2968 minores
1759 2927 1915 2974 Haase,

249 2984 381 3025 Gud.:
423 2983 560 3022 minus
590 2982 698 3023 codd.
723 2996 732 3021 ι
771 2983 911 3022 minus
940 2988 1067 3022 notos
1101 2980 1276 3022 Um'nus
1424 2995 1475 3032 27
1506 2981 1584 3031 bis,
1615 2981 1790 3022 alterius
1817 2980 1914 3022 add.

246 3038 422 3077 Picltena
588 3050 642 3087 29
671 3037 747 3076 sed
769 3036 862 3077 add.
888 3036 997 3088 Lips.
