2138 3470
764 174 1112 224 CORNELII
1148 175 1393 224 TACITI

195 331 221 370 4
243 329 431 362 annum
478 311 721 363 extinctus
769 322 855 363 est.
946 312 1211 363 Suetonius
1257 313 1375 363 hinc
1420 314 1657 365 Paulinus
1705 314 1907 366 biennio

244 412 501 459 prosperas
537 412 612 444 res
648 394 835 455 habuit,
864 394 1080 444 subactis
1115 394 1401 445 nationibus
1435 395 1738 460 firmatisque
1772 413 1907 460 prae-

245 475 414 538 sidiis3
447 493 659 540 quorum
694 476 877 526 fiducia
907 479 1118 526 Monam
1152 476 1366 526 insulam
1399 485 1454 526 ut
1481 476 1607 528 vires
1641 477 1907 528 rebellibus

246 557 604 607 ministrantem
628 559 887 622 adgressus
912 567 1046 623 terga
1069 557 1320 608 occasioni
1343 558 1586 622 patefecit.

168 645 223 693 15
314 641 547 703 Namque
592 639 817 689 absentia
862 639 1009 704 legati
1054 649 1247 690 remoto
1283 649 1420 689 metu
1458 639 1681 690 Britanni
1725 640 1908 705 agitare

245 720 371 770 inter
405 738 458 770 se
496 723 626 770 mala
663 720 920 782 servitutis,
959 722 1182 771 conferre
1222 720 1421 771 iniurias
1456 729 1506 771 et
1540 720 1908 786 interpretando

243 803 547 851 accendere:
582 800 705 851 nihil
728 801 900 866 profici
928 801 1165 866 patientia
1196 801 1291 852 nisi
1322 811 1377 852 ut
1404 802 1624 867 graviora
1654 812 1908 868 tamquam

199 903 218 930 2
243 901 303 933 ex
331 882 461 933 facili
493 882 816 933 tolerantibus
848 883 1161 948 imperentur.
1235 883 1452 948 singulos
1487 883 1583 934 sibi
1617 884 1737 935 olim
1770 902 1909 950 reges

243 963 405 1024 fuisse,
433 981 569 1014 nunc
603 963 749 1014 binos
783 963 987 1029 imponi,
1015 982 1045 1015 e
1076 964 1257 1030 quibus
1291 966 1479 1028 legatus
1514 964 1567 1014 in
1602 963 1904 1030 sanguinem,

244 1054 529 1109 procurator
550 1045 603 1094 in
631 1046 766 1095 bona
794 1045 1012 1095 saeviret.
1085 1063 1245 1110 aeque
1279 1044 1578 1096 discordiam
1610 1044 1910 1110 praeposito-

244 1143 365 1187 rum,
384 1143 543 1190 aeque
558 1126 877 1177 concordiam
894 1126 1126 1176 subiectis
1143 1126 1411 1176 exitiosam.
1482 1125 1680 1176 alterius
1704 1143 1908 1177 manum

245 1206 570 1268 centurioneS,
615 1207 813 1257 alterius
860 1225 1025 1258 servos
1072 1207 1173 1256 vim
1219 1216 1269 1258 et
1315 1207 1640 1258 contumelias
1686 1207 1904 1260 miscere.

198 1301 221 1341 3
244 1287 367 1338 nihil
407 1287 506 1338 iam
547 1288 817 1353 cupiditati,
859 1289 982 1338 nihil
1027 1288 1222 1339 libidini
1269 1298 1542 1354 exceptum.
1628 1288 1681 1339 in
1720 1289 1909 1355 proelio

243 1369 495 1419 fortiorem
531 1387 639 1420 esse
674 1369 760 1434 qui
795 1369 1004 1434 spoliet:
1041 1387 1175 1420 nunc
1209 1370 1274 1419 ab
1310 1369 1496 1433 ignavis
1531 1371 1822 1435 plerumque
1856 1379 1907 1421 et

243 1449 509 1501 inbellibus
550 1450 671 1515 eripi
718 1453 909 1512 domos,
950 1451 1167 1501 abstrahi
1212 1451 1405 1512 liberos,
1445 1450 1635 1516 iniungi
1680 1451 1902 1513 dilectus,

194 1550 222 1592 4
245 1539 500 1596 tamquam
524 1531 650 1582 mori
673 1541 867 1582 tantum
890 1550 980 1597 pro
1005 1532 1160 1597 patria
1191 1532 1539 1584 nescientibus·
1611 1536 1906 1598 quantulum

245 1614 378 1664 enim
425 1614 656 1664 transisse
701 1613 925 1675 militum,
971 1613 1012 1664 si
1053 1631 1161 1665 sese
1202 1613 1425 1664 Britanni
1470 1616 1770 1665 numerent?
1837 1614 1909 1666 sic

247 1695 537 1746 Germanias
573 1695 844 1746 excussisse
879 1695 1078 1760 iugum:
1116 1704 1165 1746 et
1199 1695 1414 1757 flumine,
1448 1713 1551 1746 non
1587 1697 1792 1747 Oceano
1827 1697 1910 1747 de-

196 1791 218 1831 5
245 1777 394 1827 fendi.
468 1776 561 1828 sibi
608 1777 815 1842 patriam
864 1776 1098 1842 coniuges
1145 1786 1386 1841 parentes,
1426 1775 1520 1826 illis
1565 1776 1818 1827 avaritiam
1859 1786 1910 1828 et

244 1858 484 1908 luxuriam
532 1875 704 1908 causas
752 1857 868 1908 belli
915 1875 1035 1908 esse.
1121 1875 1409 1919 recessurOS‚
1460 1866 1515 1908 ut
1561 1857 1704 1909 divus
1752 1857 1909 1909 Iulius

245 1939 535 2000 recessisset,
565 1941 718 1990 modo
753 1938 982 1989 virtutem
1018 1938 1259 1989 maiorum
1295 1955 1497 1989 suorum
1530 1941 1905 1990 aemularentur.

246 2038 370 2071 neve
411 2020 583 2085 proelii
630 2019 775 2070 unius
816 2029 902 2070 aut
941 2019 1139 2069 alterius
1178 2028 1357 2070 eventu
1398 2028 1750 2084 pavescerent:
1798 2022 1910 2085 plus

197 2108 222 2148 6
246 2100 472 2166 impetuS‚
515 2100 751 2151 maiorem
799 2100 1130 2151 constantiam
1167 2118 1320 2165 penes
1359 2100 1562 2151 miseros
1603 2117 1724 2152 esse.
1809 2099 1910 2151 iam

248 2182 596 2232 Britannorum
638 2182 786 2232 etiam
828 2184 951 2232 deos
992 2182 1222 2244 misereri,
1266 2181 1352 2247 qui
1395 2185 1681 2232 Romanum
1727 2183 1909 2233 ducem

245 2265 515 2324 absentem,
558 2263 643 2327 qui
685 2266 952 2328 relegatum
990 2263 1041 2312 in
1081 2263 1178 2312 alia
1217 2262 1377 2312 insula
1417 2262 1684 2313 exercitum
1724 2263 1911 2314 detine-

247 2355 383 2407 rent3
418 2344 516 2394 iam
542 2344 688 2408 ipSOS,
709 2346 846 2408 quod
865 2343 1209 2394 difficillimum
1234 2343 1390 2405 fuerit,
1409 2343 1692 2394 deliberare.
1763 2360 1910 2408 porro

246 2426 296 2474 in
335 2426 439 2475 eius
478 2425 615 2475 modi
653 2424 869 2475 consiliis
908 2423 1230 2489 periculosius
1267 2441 1375 2475 esse
1415 2422 1722 2489 deprehendi
1758 2440 1910 2488 quam

246 2510 441 2558 audere.

164 2588 223 2635 16
316 2588 412 2637 His
452 2597 602 2651 atque
641 2588 819 2637 talibus
858 2587 909 2637 in
947 2587 1106 2637 vicem
1148 2585 1378 2647 instincti,
1421 2585 1674 2637 Boudicca
1718 2584 1909 2650 generis

248 2668 363 2733 regii
388 2668 570 2718 femina
594 2670 722 2718 duce
743 2669 927 2732 <neque
946 2668 1078 2717 enim
1105 2684 1274 2717 sexum
1293 2666 1343 2716 in
1363 2666 1577 2731 imperiis
1601 2665 1908 2731 discernunt)

248 2766 500 2814 sumpsere
538 2748 749 2798 universi
789 2750 1009 2809 bellurn,⁸
1049 2765 1108 2797 ac
1144 2764 1337 2813 sparsos
1375 2764 1462 2811 per
1495 2749 1695 2796 castella
1730 2746 1908 2797 milites

305 2894 330 2931 3
362 2881 540 2920 Nomam
563 2885 598 2918 Δ
715 2893 735 2928 7
781 2878 992 2929 sapientia
1013 2884 1047 2917 Δ
1159 2880 1185 2917 8
1226 2877 1490 2928 imperantur
1510 2882 1545 2916 Δ
1680 2887 1724 2914 11
1756 2889 1908 2917 manus

251 2936 307 2985 1¹²,
332 2936 428 2974 Fut.
585 2947 632 2973 12
663 2934 935 2973 centuriones
955 2933 1115 2972 Rham:
1147 2932 1411 2972 centurionis
1431 2930 1542 2970 codd.
1699 2942 1747 2981 15
1778 2930 1907 2971 imbe-

250 2989 413 3029 cillibus
435 2989 479 3027 I'l
647 3001 701 3039 29
731 2987 943 3027 Boudicca
963 2987 1131 3027 Haase:
1162 2986 1374 3026 Voadicca
1395 2990 1424 3025 Γ
1443 3000 1453 3025 2
1480 2985 1682 3025 Voaduca
1703 2989 1739 3024 Δ

1933 658 1955 698 5

1936 1064 1986 1093 10

1933 1471 1982 1513 15

1934 1877 1986 1908 20

1935 2277 1983 2318 25

1934 2681 1986 2720 30
