2138 3470
816 768 1412 835 PRAEFATIO

355 942 534 989 HU1US
569 939 720 989 libelli
756 948 986 1003 quattuor
1024 938 1221 988 codices
1259 937 1510 1002 praecipui
1548 936 1699 987 iidem
1738 946 1852 986 sunt
1881 938 1945 987 de

284 1027 464 1091 quibus
488 1027 539 1077 in
563 1028 864 1092 praefatione
888 1029 962 1077 ad'
979 1027 1295 1077 Germaniam
1321 1026 1616 1091 scripsimus,
1645 1025 1859 1076 scilicet:

349 1152 382 1185 A
407 1136 620 1203 (Halmii
642 1137 728 1201 B),
757 1136 1026 1186 Vaticanus
1059 1138 1198 1185 1862.

350 1239 379 1273 Β
404 1224 616 1290 (Halmii
640 1224 701 1289 b),
732 1223 988 1275 Leidensis
1015 1224 1116 1274 sive
1141 1222 1500 1274 Perizonianus.

347 1327 377 1362 c
403 1312 615 1378 (Halmii
638 1310 722 1378 F),
753 1312 1076 1363 Farnesianus
1102 1312 1203 1362 sive
1229 1311 1597 1376 Neapolitanus.

348 1415 383 1449 D
409 1400 622 1466 (Halmii
655 1401 733 1466 C),
766 1401 1034 1450 Vaticanus
1068 1403 1206 1464 1518.

353 1509 691 1574 Reliquorum,
720 1526 845 1574 quos
878 1509 946 1558 ibi
980 1508 1270 1568 notavimus,
1300 1507 1391 1558 soli
1414 1507 1819 1558 Vindobonensis
1849 1522 1937 1570 711

282 1595 380 1661 (V)
406 1606 455 1647 et
478 1597 745 1648 Vaticanus
771 1600 900 1661 4498
928 1596 1014 1662 (Δ)
1042 1596 1306 1661 Dialogum
1336 1596 1604 1656 continent,
1634 1595 1812 1660 quibus
1842 1598 1944 1646 duo

280 1686 361 1735 alii
399 1686 449 1736 in
482 1686 660 1751 quibus
700 1687 964 1737 Germania
994 1703 1095 1736 non
1130 1685 1408 1735 continetur
1446 1684 1666 1735 addendi
1699 1694 1824 1745 sunt,
1858 1684 1945 1734 sci-

280 1775 393 1825 licet
418 1775 784 1826 Ottobonianus
811 1775 904 1841 (E)
931 1784 979 1825 et
1018 1774 1314 1824 Harleianus
1342 1772 1460 1839 (H),
1490 1790 1699 1838 quorum
1731 1773 1943 1837 primum

282 1862 554 1924 Michaelis,
581 1866 787 1914 alterurn
814 1867 1062 1924 Peterson,
1092 1864 1406 1913 contulerunt
1430 1861 1872 1926 adhibueruntque.

349 1954 428 2002 De
468 1969 597 2002 nexu
634 1962 683 2002 et
719 1952 974 2002 adfinitate
1012 1954 1188 2002 horum
1231 1952 1356 2001 inter
1394 1968 1447 2001 se
1486 1950 1716 2001 codicum
1754 1951 1943 2015 egregie

280 2039 650 2104 disputaverunt
668 2040 793 2091 inter
809 2043 1082 2091 Germanos
1105 2039 1380 2100 MichaeliS,
1404 2039 1655 2103 Steuding,
1677 2040 1939 2100 BaehrenS,

281 2129 508 2189 Scheuer,
553 2137 602 2178 et
648 2128 773 2178 inter
819 2137 1011 2178 nostros
1061 2131 1309 2188 Peterson,
1358 2126 1636 2191 nuperrime
1682 2135 1847 2176 autem
1895 2137 1943 2176 et

281 2233 473 2266 summa
503 2215 755 2280 diligentia
786 2218 1016 2267 Alfredus
1048 2217 1324 2276 Gudeman,
1360 2214 1411 2263 in
1430 2213 1761 2265 Universitate
1786 2217 1944 2263 Penn-

281 2304 524 2367 sylvaniae
550 2307 812 2365 Professor,
841 2304 979 2354 cuius
1005 2303 1268 2354 eruditioni
1295 2312 1343 2353 et
1368 2302 1613 2362 scientiae,
1642 2302 1693 2351 in
1726 2302 1943 2352 editione

281 2392 425 2443 huius
466 2392 618 2443 libelli
654 2392 896 2458 (Bostoni,
935 2391 1082 2456 1894)
1114 2389 1473 2450 demonstratis,
1510 2407 1611 2440 non
1644 2391 1795 2440 modo
1831 2390 1943 2440 Dia-

281 2481 390 2546 logi‚
430 2483 519 2532 sed
557 2481 780 2531 omnium
821 2480 982 2530 Taciti
1023 2497 1228 2544 operum
1268 2478 1476 2530 studiosi
1513 2487 1670 2543 grates
1711 2496 1853 2543 agere
1895 2489 1942 2528 et

282 2570 462 2620 habere
486 2570 684 2620 debent.
748 2568 913 2619 Huius
937 2570 1002 2619 ad
1027 2567 1383 2633 amplissimum
1408 2576 1695 2632 apparatum
1720 2566 1941 2616 criticum

283 2656 556 2707 reiciendus
603 2666 678 2708 est
732 2657 1032 2722 quicumque
1079 2658 1232 2707 lector
1284 2655 1554 2722 pleniorem
1602 2656 1665 2704 de
1711 2654 1940 2704 codicum

282 2743 622 2795 aestimatione
650 2754 699 2795 et
723 2746 787 2794 de
819 2744 1068 2808 reciproca
1097 2761 1267 2794 eorum
1293 2742 1418 2793 inter
1453 2759 1506 2792 se
1538 2741 1791 2792 adfinitate
1820 2741 1942 2791 noti-

284 2829 401 2880 tiam
425 2832 661 2897 consequi
685 2833 812 2882 velit.
882 2832 1176 2896 Nuperrime
1202 2831 1221 2898 (
1229 2831 1389 2897 1898),
1418 2830 1468 2880 in
1494 2829 1711 2889 editione
1736 2829 1937 2890 minore,

199 2991 202 2995 Δ
284 2916 417 2968 idern
440 2918 511 2969 vir
533 2921 710 2971 doctus
735 2929 921 2972 textum
946 2920 997 2969 in
1021 2919 1208 2984 aliquot
1231 2919 1351 2970 locis
1377 2927 1619 2971 mutatum
1645 2917 1875 2967 exhibuit.

354 3007 425 3056 Ut
453 3022 610 3071 pauca
638 3017 868 3073 repetam,
903 3007 1100 3058 codices
1140 3009 1239 3057 CD
1267 3007 1347 3071 (ex
1381 3008 1645 3069 archetypo
1684 3005 1939 3068 deperdito

1775 3107 1824 3143 6*
